3490 5540
789 814 849 878 111

254 961 376 1072 Trach.
411 1009 453 1074 99
476 1007 525 1072 τὸν
548 1009 729 1085 Ἀλκμήνας
753 1006 829 1074 τόθι
852 1033 903 1086 μοι
927 1008 1002 1074 τόθι
1026 1035 1077 1088 μοι
1100 1012 1114 1094 s
1137 1011 1212 1076 ναίει
1234 1015 1303 1076 τοτ’
1326 1015 1380 1078 κτὲ

194 1187 199 1192 ·
254 1153 290 1216 et
323 1150 412 1216 Phil.
449 1151 536 1218 1106
566 1147 596 1224 ὃς
618 1151 672 1226 ἤδη
695 1154 767 1229 μετ’
792 1152 969 1224 οὐδενὸς-
994 1152 1079 1217 ναίων
1102 1152 1208 1218 ἐνθάδ’
1233 1157 1379 1233 ὀλοῦμαι,

253 1292 295 1358 of.
331 1317 363 1360 v.
398 1293 610 1360 Herwerden
646 1294 690 1360 ad
713 1295 751 1360 Ο.
775 1296 816 1361 R.
844 1295 939 1361 1390.
963 1295 1082 1362 Lectio
1105 1293 1162 1371 ίίκο
1185 1251 1381 1364 defenditur

229 1433 292 1499 .0.
316 1434 351 1500 C.
377 1459 426 1502 νει
452 1435 539 1502 1177
563 1433 728 1516 ἔχθιστον,
761 1430 857 1512 ὦναξ,
885 1435 1026 1518 Φθένμα
1052 1436 1138 1502 τοῦθ’
1162 1438 1244 1513 ἱίκει
1267 1439 1380 1521 πατρίς

251 1576 471 1644 conferendus
502 1579 544 1645 de
567 1579 670 1662 Jverbi
700 1576 778 1654 ἥκειν
805 1583 975 1667 potestate
1005 1581 1114 1647 Bothe
1138 1582 1182 1648 ad
1206 1582 1243 1648 Ο.
1269 1581 1305 1649 G.
1329 1607 1378 1650 vs.

253 1719 339 1784 1317
363 1742 444 1787 suae
468 1720 642 1804 editionis,
668 1725 703 1789 et
726 1721 769 1788 ad
793 1723 831 1789 Ο.
856 1723 898 1789 R.
925 1723 1021 1790 1330.

294 1861 418 1930 Fusius
461 1863 502 1930 de
538 1863 728 1931 confusione
762 1864 853 1930 inter
887 1862 964 1938 ἥκειν
999 1869 1034 1932 et
1070 1864 1155 1928 οἰκεῖν
1190 1865 1380 1954 disputavit

250 2003 406 2071 Meineke
441 2006 554 2087 (Anal.
593 2007 691 2094 Soph.
723 2007 922 2092 aaa—230).
958 2007 1032 2074 Non
1056 2011 1170 2075 tamen
1193 2008 1281 2076 facio
1305 2033 1379 2075 oum
1447 2009 1450 2014 ’

248 2145 324 2212 viro
358 2147 470 2230 docto,
506 2147 564 2235 qui
597 2147 720 2216 Aesoh.
758 2148 873 2236 Suppl.
906 2150 970 2216 359
995 2149 1058 2222 (ed.
1082 2149 1229 2234 Weckl.)
1253 2149 1376 2215 νέον3’

249 2285 351 2364 ίμιλον
383 2293 515 2356 mutare
540 2290 627 2358 velit
649 2290 685 2356 in
709 2289 774 2354 ναί
780 2289 857 2355 ovd*
882 2293 936 2374 (--
960 2289 1099 2375 οἱκοῦν3’)
1122 2289 1241 2369 ὅμιλον,
1264 2316 1377 2381 quam·
1411 2341 1415 2350 ·

135 2480 142 2500 .
247 2453 348 2517 quam
371 2431 511 2498 eandem
533 2433 649 2500 inveni
672 2433 898 2500 confusionem
920 2434 1089 2501 Prometh.
1112 2437 1176 2501 736
1207 2436 1376 2520 (Weckl.)‚

180 2585 185 2590 ·
248 2571 307 2637 ubi
341 2573 380 2639 L.
416 2572 520 2640 habet
554 2573 686 2664 νέοντ’,
717 2575 921 2642 recentiores
946 2599 1026 2644 vero
1050 2577 1236 2664 apographi
1260 2600 1376 2645 veram

248 2720 472 2784 reservarunt
493 2716 672 2784 lectionem
696 2716 853 2781 ναίοντ’.

293 2857 520 2926 Praetulerim
544 2883 618 2926 oum
642 2860 836 2929 Wecldinio
858 2860 1012 2926 ναίονθ’
1035 2860 1137 2939 ὅμιλον
1160 2887 1209 2951 op.
1222 2865 1374 2950 Hesyeh.

249 3000 355 3066 ναύειν·
393 3001 533 3067 ἱκετεύειν
567 3003 654 3084 παρα
687 3005 721 3067 τὸ
758 3003 809 3068 ε’τὶ
842 3006 895 3079 τὶςν
929 3004 1032 3070 ἑστίαν
1066 3005 1277 3087 καταφεύγειν
1307 3006 1375 3080 τοὺς

248 3142 352 3216 ἱκέτας
377 3149 412 3212 et
437 3143 524 3209 ναύω·
550 3144 713 3223 λίσσομαι,
746 3145 875 3210 ἱκετεύω.
895 3135 973 3215 Vid.
994 3148 1090 3215 Phot.
1104 3146 1211 3212 ναύειν·
1224 3147 1374 3234 ἱκετεύειν,

249 3285 317 3350 ε’τεὶ
352 3288 381 3350 ἐν
415 3294 477 3360 τοῖς
512 3294 590 3360 ναοῖς
621 3283 695 3363 ἦσαν
725 3288 741 3364 ἢ
766 3312 827 3370 παρ

247 3431 400 3517 Egregia
433 3431 619 3499 Wecklinii
653 3437 791 3520 recepta
825 3433 1019 3500 coniectura
1053 3455 1075 3499 a
1104 3432 1221 3498 νεύονθ’
1249 3435 1375 3522 pendet
1411 3521 1412 3525 Ἰ

247 3577 360 3659 genet.
384 3573 469 3638 τῶνδ’
495 3573 624 3650 οίνοονίιον
647 3571 732 3658 θεῶν,
756 3575 798 3642 ef.
823 3574 973 3641 ἱκετεύειν.

291 3715 349 3782 Ad
384 3718 537 3805 exempla
571 3718 773 3785 confusionis
805 3719 896 3786 inter
926 3717 1013 3782 οἱκεῖν
1036 3722 1072 3784 et
1093 3715 1189 3792 ἥκειν,
1213 3723 1374 3804 congesta

247 3882 268 3926 a
304 3859 480 3927 Meinekeo
513 3860 536 3926 l.
561 3859 584 3925 l.
620 3860 705 3926 adde
742 3860 846 3926 Thuo.
871 3860 907 3925 ΙΙ
931 3898 973 3906 -
996 3860 1057 3942 37,
1083 3859 1101 3924 1
1126 3859 1178 3923 καί
1201 3858 1293 3937 ὄνομα
1316 3859 1373 3938 μὲν

242 4000 298 4064 διὰ
331 4002 364 4066 τὸ
400 4003 443 4079 μὴ
479 4002 509 4074 ἐς
533 4000 650 4077 ὀλίγους
676 4000 759 4088 [ἀλλ’
784 4003 815 4074 ἐς
838 3999 991 4089 πλείονας]
1028 4001 1150 4065 οίκεὶν
1185 4001 1373 4082 δημοκρατία

246 4143 390 4220 κε’κλνται
425 4145 489 4208 κτὲ.
524 4145 619 4211 Dett.
655 4143 783 4210 habent
814 4141 938 4218 ἥκειν,
973 4143 1128 4210 meliores
1151 4143 1244 4210 codd.
1269 4143 1372 4216 οἱκεὶν;
1458 4119 1460 4124 ¹

245 4309 319 4352 eum
341 4287 572 4355 Herwerdeno
595 4290 631 4353 et
654 4286 812 4353 Boehmio
835 4286 1094 4374 praeferendum
1116 4283 1204 4360 ἥκειν.

680 4567 919 4575 ——ss—
