3490 5540
933 803 996 868 108

442 998 568 1066 Eodem
602 998 753 1085 pertinet
788 999 935 1065 confusio
970 999 1062 1066 inter
1097 999 1169 1072 εἷς,
1204 997 1257 1062 xxi
1290 1002 1326 1066 et
1357 1000 1412 1072 ὡς,
1438 1023 1465 1066 e.
1491 1022 1524 1086 g.

397 1141 453 1208 Ai.
490 1142 555 1208 729
589 1138 666 1205 ὥστε
700 1140 754 1206 xxi
783 1143 836 1228 (L.
860 1139 930 1204 rior*
956 1141 1021 1227 εἷς),
1053 1136 1113 1208 Tr.v
1137 1143 1201 1209 366
1230 1141 1293 1216 ἥκει
1317 1141 1425 1220 δόμους
1448 1145 1462 1229 l
1489 1146 1528 1216 ὡς

396 1283 502 1349 τούσδε
533 1284 663 1362 πέμπων
690 1285 738 1348 οὐκ
763 1284 986 1366 ἀφροντίστως,
1009 1283 1097 1362 ρύνοω
1121 1286 1184 1349 κτὲ.
1209 1287 1246 1359 ὡς
1271 1287 1427 1373 iungitur
1450 1311 1528 1354 oum

397 1430 527 1496 rebus
563 1427 792 1511 animatis,
828 1426 945 1515 itaque
979 1449 1053 1494 eum
1084 1427 1254 1495 Brunokio
1278 1428 1458 1516 legendum
1483 1431 1524 1501 ἐς.

397 1569 484 1637 Ibid.
510 1571 575 1636 394
596 1566 727 1644 δι’δνξον,
750 1571 786 1642 ὡς
810 1567 948 1650 ἕρποντος
971 1569 1086 1652 steorte
1109 1570 1191 1647 ἐμοῦ.
1216 1570 1347 1637 Versus
1370 1575 1430 1637 aut
1449 1593 1526 1637 oum

396 1713 626 1781 Herwerdeno
645 1713 815 1780 eiciendus
840 1719 892 1782 est
914 1715 970 1798 (de
993 1715 1053 1782 loo.
1077 1736 1174 1780 nonn.
1199 1714 1322 1781 Aesoh.
1348 1719 1383 1781 et
1401 1715 1525 1803 Soph.),

398 1860 474 1938 aut,
498 1855 586 1943 quod
610 1855 713 1922 etiem
736 1854 890 1923 Nauokio
909 1856 1056 1944 placuit,
1077 1879 1151 1922 oum
1171 1855 1527 1943 Wakefieldiolegen-

397 1998 475 2064 dum
505 1999 549 2070 ὡς
572 1998 650 2081 ὁρᾷς.
682 1999 719 2066 Ο.
744 2000 786 2067 R.
819 2000 901 2065 1481
926 2000 964 2072 ὡς
986 1997 1045 2071 τοός
1068 1998 1214 2078 ἀδελφὰς
1237 1997 1334 2062 τάσδε
1360 1998 1418 2072 τοός
1442 2000 1524 2077 ἔριδος

397 2141 511 2221 χέρσος,
545 2141 703 2228 Elmsley
737 2141 908 2230 proposuit
943 2142 1000 2215 εἰς,
1035 2141 1189 2228 Blaydes
1220 2142 1260 2213 ἐς.
1296 2141 1454 2210 Fortasse
1486 2144 1525 2214 ὠς

396 2283 532 2352 defendi
563 2288 690 2372 potest,
723 2283 811 2373 quod
842 2285 880 2357 ὡς
902 2282 960 2355 τοὶς
988 2322 1027 2332 -
1052 2282 1149 2365 χέρσος
1173 2283 1261 2350 idem
1286 2288 1338 2351 est
1362 2287 1462 2372 atque
1486 2287 1525 2358 ὡς

396 2427 452 2505 ἐμὲ
489 2427 544 2513 (of.
580 2450 629 2494 vs.
662 2426 749 2492 1484
778 2423 809 2498 ὃς
839 2425 908 2504 ὑμίν
931 2427 1009 2511 uri).
1041 2426 1151 2493 Arist,
1182 2426 1268 2494 Aah.
1295 2427 1360 2492 242
1385 2431 1476 2494 reete
1503 2450 1524 2494 a

396 2569 597 2637 Leeuwenio
639 2568 752 2636 editur
787 2569 824 2640 ἐς
858 2568 892 2632 τὸ
926 2565 1057 2650 πρόσθεν
1092 2569 1196 2656 (vulg.
1232 2569 1276 2640 ὦς
1310 2569 1343 2633 τὸ
1379 2566 1523 2653 πρόσθεν)

395 2711 564 2780 Incertius
589 2711 683 2778 aliud
706 2714 759 2778 est
782 2711 985 2798 exemplum:
1018 2711 1056 2778 Ο.
1080 2712 1122 2778 R.
1140 2711 1234 2778 ’1312
1258 2737 1290 2778 v.
1314 2710 1525 2778 Herwerden

394 2879 455 2944 pro
477 2856 508 2927 ἐς
532 2853 637 2929 δεινόν,
662 2854 721 2918 οὐδ’
747 2853 902 2928 οὶκονστόν,
927 2854 987 2918 οὐδ’
1012 2853 1163 2935 ἐπόψιμον
1197 2816 1339 2923 oonieeit
1362 2856 1407 2927 ὡς
1431 2853 1522 2919 δεινόν
1612 2816 1617 2822 -

394 2998 458 3061 κτὲ.
483 2997 591 3066 Sohol.
616 2998 674 3064 Tr.
701 2998 786 3064 1262
810 3001 884 3086 post
908 2999 945 3070 ὡς
969 3021 1043 3064 oum
1067 2997 1208 3066 Lasoari
1232 2997 1446 3065 inserendum
1468 3002 1524 3065 est

395 3139 462 3212 εἷς.
497 3139 623 3206 Eodem
658 3139 753 3206 modo
788 3140 892 3206 Thuo.
929 3140 1019 3207 VIII
1043 3177 1086 3186 -
1111 3139 1175 3205 103
1205 3162 1265 3227 pro
1297 3140 1328 3212 ἕο
1352 3139 1392 3206 G.
1419 3140 1524 3209 hebet

394 3284 449 3354 ὠςε
481 3283 626 3349 fortasse
656 3282 837 3369 legendum
868 3305 942 3349 oum
965 3281 1194 3350 Herwerdeno
1218 3282 1255 3354 ὡς
1279 3283 1308 3346 ἐς
1335 3283 1523 3370 (praeeedit

394 3423 459 3508 xxi)
469 3450 475 3511 ;
497 3425 578 3493 ibid.
599 3425 769 3509 1-137,
791 3426 810 3491 3
831 3425 948 3512 optimi
960 3425 1089 3493 codices
1101 3426 1229 3493 habent
1249 3425 1308 3498 εἰς,
1323 3426 1364 3493 G.
1377 3451 1458 3496 vero
1470 3428 1519 3501 ὡς.

438 3711 507 3778 Ad
541 3735 601 3780 vs,
639 3712 778 3778 1463:

571 3860 631 3918 τοῖν
653 3851 803 3917 δὀὶθλίονν
825 3853 947 3933 οἰκτροῖν
969 3876 1003 3917 τε
1028 3851 1187 3934 ποορθὲνονν
1211 3854 1310 3930 ἐμοῖν,

572 3992 612 4060 οἶν
635 3994 739 4060 οὔποθ’
763 3996 840 4073 ἡμῖν
863 3995 954 4076 χωρὶς
978 3992 1097 4069 ἑστοὶθν
1121 3993 1215 4076 βορᾶς

569 4134 699 4218 τράπεζ’
724 4137 793 4201 ἄνευ
816 4137 893 4202 τοῦδΙ
920 4136 1039 4218 ἀνδρός,
1064 4139 1148 4210 ἀλλ’,
1171 4133 1241 4201 ὅσων
1265 4139 1322 4214 ἐγὼ

438 4281 524 4347 1465
570 4279 717 4360 ψωύονμν,
742 4278 860 4343 πάντων
883 4280 969 4342 τῶνδ’
994 4278 1042 4343 ds>
1065 4278 1261 4358 μετενχὲτνν.

437 4424 544 4491 Locus
568 4423 804 4490 conclamatus.
829 4423 1014 4492 Videamus
1037 4423 1118 4511 quid
1141 4421 1208 4490 viri
1233 4422 1322 4489 docti
1342 4422 1383 4489 de
1400 4422 1523 4489 horum

392 4589 550 4632 versuum
574 4565 797 4652 explicatione
819 4565 978 4632 dixerint.
1004 4566 1188 4645 Hermann,
1209 4570 1386 4652 postquam
1408 4564 1519 4632 Sohol.
