3466 5536
901 814 944 879 14

358 1008 535 1095 negligens
578 1009 701 1076 civium
742 1009 826 1076 sorti
868 1009 1028 1090 consulit,
1073 1009 1250 1077 Thebanos
1286 1032 1307 1076 a
1339 1009 1485 1077 miseriis

358 1152 541 1219 defendere
564 1153 715 1220 omnibus
739 1153 864 1220 nititur
884 1153 1004 1219 modis.

403 1294 532 1362 Summi
567 1295 634 1364 viri
666 1297 719 1362 est
749 1294 792 1361 ad
824 1294 978 1361 Tiresiae
1014 1295 1136 1361 acerba
1169 1297 1276 1362 verba
1311 1294 1373 1380 (vs.
1408 1295 1486 1380 442)

359 1433 435 1512 οοῦτη
457 1460 495 1513 νε
518 1436 620 1514 μέντοι
643 1438 671 1500 σ’
696 1437 712 1510 ἦ
743 1435 824 1516 τύχη
848 1435 988 1500 διώλεσεν
1011 1435 1229 1524 respondere:
1255 1437 1327 1499 aar
1352 1436 1377 1499 εἰ
1401 1435 1488 1499 πόλιν

357 1578 438 1652 τήνδ’
470 1575 602 1654 ἐξέστητ’,
630 1576 663 1641 οὔ
692 1601 744 1655 μοι
767 1577 867 1655 μέλει.
893 1577 975 1663 (vid.
1001 1577 1217 1664 Sehmelzer).
1241 1576 1368 1643 Eodem
1391 1578 1487 1645 modo

360 1743 426 1789 vss.
459 1721 524 1786 380
558 1744 627 1810 sqq.
659 1744 724 1787 non
758 1720 931 1808 queritur,
967 1719 1055 1808 quod
1088 1719 1177 1807 ipse,
1201 1723 1242 1786 ut
1265 1719 1488 1807 opinatur‚a

358 1863 458 1930 malis
477 1863 561 1932 viris
583 1863 831 1931 circumventus
849 1865 917 1946 ost,
940 1863 998 1928 sed
1017 1862 1124 1930 vitam
1138 1862 1293 1950 deplorat
1304 1863 1487 1946 hominum,

358 2006 417 2094 qui
441 2005 527 2073 alius
552 2006 656 2072 alium
679 2007 830 2073 omnibus
853 2005 958 2073 modis
984 2027 1144 2093 superare
1168 2005 1332 2089 nitentes,
1358 2005 1489 2073 invidia

257 2200 259 2203 v
358 2170 531 2236 pravaque
555 2147 780 2215 aemulatione
804 2150 980 2234 reguntur.

403 2290 478 2358 Iam
509 2291 552 2357 ad
581 2315 631 2360 vs.
663 2292 680 2356 1
713 2289 836 2378 optime
872 2288 992 2376 Oedipi
1026 2287 1199 2374 ingenium
1233 2289 1346 2376 pingit
1378 2288 1486 2356 Sohol.

360 2433 542 2500 adnotans:
575 2430 745 2513 Φιλόδημον
767 2429 818 2495 uxi
843 2430 1025 2511 προνοητικὸν
1049 2434 1100 2522 τοῦ
1124 2439 1200 2510 κοινῇ
1224 2429 1429 2511 συμφέροντος
1452 2431 1495 2495 τὸ·

359 2579 410 2640 τοῦ
444 2573 602 2647 Οἰδίποδος
635 2569 708 2648 ἦθος
741 2572 794 2636 κοο1
826 2571 935 2636 εὕοοοκυ
968 2570 1045 2650 ἔχων
1070 2572 1131 2636 oiri
1155 2575 1205 2636 τοῦ
1230 2570 1367 2646 πλήθους
1390 2571 1427 2635 δι’
1452 2568 1488 2636 ὧν

360 2717 468 2791 αὐτοὺς
503 2715 706 2798 εὐηργέτησεν.
742 2713 867 2798 Creon,
904 2715 1056 2782 referens
1091 2714 1244 2792 oracula,
1280 2715 1486 2797 revertitur,

360 2864 460 2948 rogat
488 2861 651 2944 levirum,
683 2882 763 2925 num
794 2857 933 2924 arbitris
957 2856 1095 2924 remotis
1118 2856 1173 2923 dei
1196 2879 1391 2945 responsum
1414 2880 1488 2923 oum

360 3027 398 3070 eo
432 3001 667 3070 eommunicet:
703 2999 851 3088 Oedipus
886 3022 984 3083 11010,
1020 2999 1062 3064 de
1098 3023 1133 3066 se
1169 3023 1235 3066 non
1273 3022 1411 3084 curans,
1447 2976 1489 3066 de

358 3146 452 3212 urbis
477 3145 589 3212 salute
611 3146 746 3212 tantum
769 3142 939 3228 rogitans,
963 3163 1075 3207 morae
1095 3141 1276 3228 impatiens
1290 3141 1487 3229 respondet:

359 3289 390 3361 ἐς
425 3286 546 3360 ποὶντοος
580 3285 661 3352 adda
696 3284 756 3371 (vs.
781 3283 848 3371 93).
883 3284 956 3350 Hoo
989 3307 1118 3372 quoque
1152 3283 1223 3350 1000
1255 3285 1341 3350 bene
1373 3283 1484 3350 Schol.

218 3471 219 3476 1
283 3511 285 3516 ,
360 3436 480 3520 poetae
500 3430 674 3520 perspexit
698 3428 861 3496 animum:
887 3423 977 3502 οὶξίος
998 3429 1047 3490 τοῦ
1068 3425 1227 3503 βκσνλικοῦ
1247 3422 1338 3500 ἤθους
1359 3424 1489 3508 δημοσίρ

361 3573 490 3656 Φροὲζεον
524 3570 639 3636 κελεύει
674 3613 716 3620 -
752 3567 837 3646 κῦξεν
871 3569 905 3632 δὲ
936 3569 949 3632 o‘
981 3568 1104 3642 πονητης
1135 3567 1169 3631 τὸ
1201 3568 1238 3639 ὡς
1271 3567 1394 3631 εὐνοϊκὸν
1417 3562 1489 3641 ἦθος

359 3721 409 3781 τοῦ
432 3714 591 3786 Οἰδίποδος
614 3715 678 3780 κτὲ.
702 3712 805 3796 Chori
827 3712 982 3800 precibus
1007 3713 1117 3776 motus
1142 3709 1290 3797 Oedipus
1312 3709 1490 3777 Creontem

361 3860 559 3926 ineolumem
602 3856 696 3922 abire
737 3855 886 3943 patitur,
922 3876 1123 3942 quamquam
1158 3856 1315 3936 veretur,
1351 3875 1393 3919 ne
1429 3874 1490 3918 sua

361 4001 576 4090 periclitetur
609 3999 700 4067 vita:
736 3999 748 4061 ὁ
772 3990 848 4061 δὀὗν
872 3995 940 4069 ἴτω,
965 3996 1010 4059 κεί
1035 3995 1095 4077 χρη
1119 4020 1160 4072 με
1185 3990 1344 4067 παντελῶς
1367 3993 1488 4068 θοονεῖν,

361 4143 419 4208 ubi
453 4142 543 4208 idern
578 4140 687 4206 Sohol.
731 4139 887 4206 adnotat:
931 4139 964 4203 τὸ
1005 4137 1169 4219 Φολόκοονοκ
1197 4134 1293 4201 ’κὺτοῦ
1327 4133 1491 4200 κοὶντκῦθοο

361 4284 504 4374 δείκνυσιν
526 4285 563 4356 ὡς
583 4284 614 4346 οὐ
638 4283 675 4346 δι’
700 4282 804 4346 ἓοουτὸν
828 4277 1119 4362 προκεχωρηκότος
1144 4278 1230 4341 ailad
1254 4277 1305 4341 1101
1328 4277 1380 4351 την
1403 4276 1490 4340 πόλιν

361 4425 417 4491 κᾶν
440 4426 491 4509 δέη
515 4426 602 4489 οιύτὸυ
627 4422 797 4490 πεισθέντος
820 4423 1014 4486 κουδυνεῖνσκο.

304 4581 309 4592 ’
405 4569 590 4638 Videamus
614 4590 730 4656 porro,
755 4564 914 4654 quomodo
939 4563 1028 4630 eolat
1052 4564 1236 4645 Iocastam,
1267 4565 1357 4628 amet
1379 4561 1490 4629 infeli·
