3466 5536
977 851 1020 916 52

476 1045 573 1112 Nunc
612 1047 710 1115 video
745 1046 832 1114 hanc
866 1047 1093 1114 coniecturam
1128 1046 1196 1114 iam
1230 1046 1266 1112 in
1300 1047 1453 1114 thesibus
1488 1053 1561 1137 post

431 1190 707 1258 dissertationem
740 1187 980 1256 Academicum
1014 1189 1165 1277 posuisse
1200 1189 1263 1258 vir.
1297 1191 1382 1256 doct.
1408 1191 1435 1257 Ι.
1461 1191 1498 1258 F.
1522 1192 1558 1258 P.

430 1357 462 1400 v.
475 1333 620 1419 Anrooy
642 1332 878 1419 (Quaestioncs
899 1331 939 1398 de
962 1331 1200 1419 Epithetorum
1212 1331 1285 1398 Usu
1305 1333 1394 1420 apud
1406 1333 1560 1420 Aeschy-

430 1476 500 1540 lum
524 1480 560 1543 et
583 1476 782 1563 Euripidem
804 1499 859 1564 pg.
886 1475 973 1560 108).

476 1617 636 1686 Fortasse
668 1623 735 1684 non'
758 1617 880 1683 inutile
905 1617 972 1684 crit
993 1616 1087 1683 aliud
1110 1617 1210 1684 huius
1231 1618 1433 1684 confusionis
1454 1641 1557 1685 exem·

430 1762 540 1849 plum,
571 1762 659 1850 quod
682 1765 781 1828 acute
805 1760 978 1848 perspexit
1000 1761 1145 1844 Herbst‚
1171 1760 1334 1826 adnotare
1357 1761 1463 1828 Thuc.
1488 1761 1555 1828 scil.

430 1904 551 1986 1-69,
576 1905 614 1969 2:
640 1903 664 1966 οἱ
697 1901 782 1983 γὰρ
817 1901 957 1983 δρῶντες,
992 1900 1243 1988 [βεβουλευμένοι
1272 1902 1343 1988 πρὸς
1378 1904 1408 1966 οὐ
1440 1903 1556 1979 διεγνω-

430 2043 533 2132 κότος]
558 2045 622 2120 ἤδη,
644 2044 696 2109 uui
719 2046 749 2108 οὐ
773 2045 939 2122 μέλλοντες
962 2044 1155 2125 ἐπέρχονται.
1180 2045 1294 2113 Verba
1317 2044 1409 2110 inter
1430 2046 1569 2124 sancei,

429 2189 479 2254 los
514 2188 625 2276 posita
661 2188 800 2255 seclusit
831 2213 863 2256 v.
887 2188 1114 2270 Herwerden‚
1139 2187 1197 2274 qui
1220 2190 1400 2274 practerea
1422 2187 1558 2275 scripsit

430 2329 465 2394 οἵ.
490 2331 607 2418 Neque
628 2330 909 2398 Rauchensteinii
928 2330 1121 2397 coniectura
1141 2329 1300 2396 audacior
1320 2330 1432 2403 ἐκεῖνον,
1451 2355 1556 2419 neque

431 2474 599 2541 Classenii
621 2474 804 2562 propositio
826 2473 857 2538 oi
873 2498 911 2551 γε
936 2475 977 2540 ab
1001 2473 1090 2540 omni
1112 2477 1212 2560 parte
1225 2473 1405 2540 satisfacit.
1431 2474 1556 2542 Verum

430 2615 520 2683 vidit
541 2617 672 2684 Hcrbst
694 2616 904 2684 restituendo
940 2614 982 2680 οἵ
1012 2640 1099 2696 τερ.

474 2759 629 2842 Kostlin,
653 2759 844 2848 nuperrime
867 2762 1028 2848 probatus
1045 2760 1087 2826 ab
1099 2758 1329 2827 Herwcrdeno
1340 2759 1376 2824 in
1389 2760 1555 2844 Mnemos,

430 2901 657 2989 transposuit:
687 2903 712 2964 οἱ
742 2901 802 2982 γὰρ
825 2900 984 2976 Ἀθηναῖοι
1008 2900 1242 2979 βεβουλευμένοι
1265 2902 1336 2982 πρὸς
1361 2900 1556 2977 διεγνωκότος

430 3043 483 3117 ἤδη
515 3043 638 3123 δρῶντες
665 3043 718 3119 ἤδη
741 3041 793 3107 καὶ
817 3044 846 3106 οὐ
870 3043 1035 3120 μέλλοντες
1059 3043 1252 3124 ἐπέρχονται,
1275 3042 1328 3107 uui
1351 3041 1554 3120 έτνοτοέμεθοι

430 3184 477 3269 οἵρι
524 3187 577 3266 ὁδῷ
623 3185 676 3250 ua}
717 3184 761 3250 ὅτι
806 3186 875 3250 κοτ’
926 3185 1022 3262 ὀλίγον
1065 3189 1208 3267 χωροῦσιν
1246 3186 1297 3249 ἐπὶ
1334 3184 1401 3258 τοὺς
1436 3185 1553 3259 τέλος,

429 3352 530 3418 quam
556 3329 851 3418 transpositionem
877 3351 998 3417 parum
1023 3328 1106 3394 mihi
1132 3328 1265 3415 placere
1291 3329 1460 3395 confiteor:
1497 3329 1556 3394 sed

429 3473 570 3541 videant
594 3471 767 3539 doctiores

473 3784 542 3851 Ad
576 3809 664 3853 uss
702 3784 899 3850 328-329:

941 3978 999 4054 ἐγὼ
1023 3978 1081 4041 δὀὐ
1105 3978 1148 4056 μή
1173 4001 1248 4042 ποτε

606 4121 685 4199 τᾶμ’
709 4123 746 4193 ὡς
770 4119 805 4184 έον
831 4117 904 4183 εἶτον
928 4120 971 4198 μὴ
994 4118 1036 4183 τοὶ
1060 4122 1087 4182 τ’
1113 4121 1229 4199 suptus
1250 4119 1342 4184 κοοκοέ.

471 4320 530 4387 Vs.
567 4320 631 4385 329
674 4316 800 4384 iniuria
834 4319 990 4384 tentatur
1014 4338 1046 4382 a
1090 4315 1217 4382 criticis
1261 4315 1395 4402 (Nauck
1436 4313 1556 4391 ν’ένωγνις

427 4461 518 4535 εἴπω,
550 4460 725 4548 Campbel]
757 4458 831 4524 εέτω
865 4457 947 4531 τάδ’,
982 4460 1020 4531 ὡς
1056 4457 1091 4522 ἂν
1123 4460 1165 4535 μὴ
1197 4457 1238 4521 τοὶ
1262 4460 1289 4520 τ’
1315 4459 1431 4536 ἐκφήνω
1454 4456 1553 4540 κοινοὶ,

425 4606 524 4673 Nake
548 4605 670 4672 Rhein.
690 4604 776 4671 Mus.
797 4603 930 4669 XXXX
952 4627 1007 4690 pg.
1029 4604 1092 4668 145
1112 4602 1284 4689 ingeniose
1303 4605 1412 4682 σοφῶς
1433 4601 1554 4673 austra,
