3466 5536
944 807 965 872 8

430 998 571 1066 Aesch.:
593 999 639 1078 n).
660 1001 708 1065 τὸν
733 1001 786 1064 Δί’
811 1002 840 1064 οὐ
865 1001 940 1075 δῆτ’,
966 1001 996 1064 οὐ
1020 1001 1077 1078 μὲν
1101 993 1147 1064 οὖν
1171 999 1380 1063 ἐπαύσατο
1408 998 1438 1083 ¹)

541 1147 604 1215 τῶς
627 1141 705 1224 ρρὶρς
731 1140 780 1207 ὅτε
804 1143 838 1217 δὴ
862 1147 975 1224 πρῶτον
998 1142 1056 1220 μὲν
1079 1143 1167 1206 αὐτὸν
1193 1141 1350 1220 γενόμενον

543 1289 692 1365 χειμῶνος
717 1283 796 1357 ὄντος
820 1283 969 1361 ἐξέθεσαν
993 1286 1022 1348 ἐν
1045 1283 1195 1365 ὀστράκῳ,

545 1425 591 1492 iix
615 1429 658 1505 μὴ
682 1427 841 1508 'uelamen
867 1427 983 1504 γένοιτο
1007 1429 1058 1490 τοῦ
1082 1425 1196 1506 πατρὸς
1219 1422 1338 1505 Φονεύς·

543 1565 671 1635 εἷθ’κτὲ.

432 1712 553 1796 Laius,
585 1712 745 1801 Apolline
777 1713 904 1796 invite,
937 1712 1037 1778 immo
1069 1715 1226 1796 velante,
1250 1711 1357 1777 filium
1380 1711 1516 1798 genuit,

388 1854 472 1920 haec
495 1851 675 1936 τρώτριρχος
698 1853 757 1930 ἄτη
780 1859 842 1923 esi.
870 1855 1017 1943 Oedipus
1042 1879 1123 1923 vero
1146 1821 1219 1942 ipse
1242 1855 1284 1921 ab
1308 1853 1396 1919 omni
1419 1853 1519 1941 culpa

388 1996 476 2063 liber
507 2001 560 2064 est
592 1997 645 2078 (cf.
672 1999 709 2064 Ο.
735 1997 770 2064 C.
796 1999 862 2064 960
885 1996 979 2086 sqq.).
1011 1997 1092 2064 lure
1126 1997 1215 2085 apud
1239 1997 1400 2064 Senecam
1422 1997 1518 2064 mise·

390 2161 464 2204 rum
487 2138 593 2204 filium
617 2139 670 2206 his
694 2139 806 2208 verbis
830 2139 995 2206 consolari
1019 2143 1160 2206 conatur
1185 2140 1335 2207 Iocaste:

483 2278 588 2365 „Fati
623 2281 693 2348 isia
727 2282 826 2370 culpe
860 2286 932 2367 θεῖς
968 2305 1064 2348 nemo
1094 2282 1135 2348 fit
1165 2281 1238 2348 feto
1268 2280 1428 2364 nonens'’,

390 2446 498 2511 neque
521 2423 636 2506 video,
657 2423 739 2512 quid
750 2424 927 2491 nonnullos
939 2423 1100 2507 moverit,
1113 2427 1153 2490 ui
1166 2423 1329 2511 Oedipum
1341 2445 1416 2489 cum
1427 2422 1520 2509 Aga-

391 2587 563 2632 memnone
586 2563 782 2652 Aeschyleo
805 2569 1048 2654 comperarent.
1073 2565 1114 2652 (e.
1134 2587 1167 2650 g.
1180 2564 1346 2651 Limburg
1357 2565 1520 2632 Brouwer

391 2729 446 2794 pg.
471 2705 539 2793 40).
574 2705 808 2792 Agamemnon
843 2707 948 2793 enim,
984 2730 1093 2796 prava
1122 2710 1296 2795 correptus
1321 2707 1534 2790 ambitione‚.

393 2871 488 2915 suem
511 2849 582 2937 ipse
606 2850 712 2916 filiam
733 2854 879 2933 mactat,
904 2853 1064 2938 paternas
1092 2872 1210 2916 manus
1235 2871 1352 2916 cruore
1377 2848 1520 2935 virginis

392 2989 580 3059 innocentis
609 2991 747 3058 foedans
779 2992 876 3059 iuxta
907 2990 1050 3058 alteria:
1086 3013 1189 3058 manu
1223 2990 1522 3077 Clytaemnestram

394 3134 537 3200 moritur
576 3132 651 3210 ἄξιοι
693 3131 808 3216 δράσας
851 3132 925 3211 dinc
970 3131 1110 3214 πάσχων.
1157 3133 1244 3200 Eum
1286 3137 1396 3201 maier
1431 3133 1522 3200 filiae

395 3277 503 3343 ultrix
537 3277 718 3361 interficit,
748 3302 814 3344 non
838 3277 949 3344 dirum
976 3278 1085 3344 falum
1108 3299 1216 3364 neque
1240 3275 1339 3364 culpe
1362 3280 1522 3364 paterne:

398 3416 551 3500 πατρόθεν
574 3419 607 3483 δὲ
631 3420 870 3500 συλλήπτωρ
893 3418 1002 3497 γένοιτ’
1028 3416 1063 3482 dv
1087 3415 1239 3499 ρὶλρὶττωρ.
1384 3511 1387 3518 1

441 3561 517 3628 Non
552 3561 623 3627 sine
657 3561 730 3628 risu
762 3562 849 3648 legi,
874 3560 961 3649 quod
992 3560 1111 3628 scribit
1135 3560 1260 3628 Schutz
1282 3584 1337 3648 pg.
1362 3561 1423 3628 99:
1461 3583 1524 3648 „er

398 3704 563 3770 brauchte
592 3727 657 3769 nur
689 3703 723 3790 (!)
756 3704 851 3771 nicht
883 3728 925 3769 zu
948 3703 1094 3772 iddien”
1119 3706 1210 3788 cett„
1235 3725 1321 3792 quae
1345 3704 1450 3770 verbe
1472 3726 1526 3790 op·

399 3846 480 3915 time
493 3847 690 3913 refutantur
702 3846 755 3930 iis,
769 3868 854 3935 quae
868 3845 1015 3933 Oedipus
1029 3845 1072 3913 ed
1084 3843 1263 3913 Creontem
1275 3845 1360 3912 dicit
1370 3845 1407 3911 in
1420 3844 1459 3912 0.
1473 3844 1525 3911 d:

443 4151 469 4224 l)
490 4151 550 4209 Hoc
569 4151 628 4209 loco
648 4150 755 4209 haereo.
776 4149 913 4219 Quomodo
931 4150 1086 4222 Aeschylus
1102 4147 1176 4207 enim
1194 4149 1398 4222 dicerepotest:
1409 4147 1531 4222 Oedipus

398 4275 454 4316 non
491 4257 632 4316 desinebat
668 4256 764 4315 infelix
802 4255 903 4314 fieri
940 4253 1094 4333 (γίγνεσθαι
1123 4256 1159 4314 cf.
1186 4255 1238 4311 εἴτ’
1264 4253 1395 4332 ἑρένιτ’);
1432 4271 1531 4314 sensus

399 4365 530 4440 requirit:
561 4363 731 4421 miserrimus
761 4380 848 4422 esse
878 4364 959 4434 εἶναι)
976 4379 1031 4420 non
1051 4362 1140 4420 desiit.
1162 4362 1233 4431 Quid
1254 4362 1356 4436 plura?
1376 4362 1532 4421 Lenissima

400 4470 563 4530 correctione
581 4487 644 4526 vera
664 4468 825 4526 restituatur
845 4469 940 4538 lecti03
961 4469 1105 4542 legendum
1123 4469 1196 4526 euim
1214 4470 1309 4543 procul
1327 4469 1420 4528 dubio:
1442 4473 1470 4524 οὐ
1487 4474 1533 4536 μὲν

402 4576 442 4630 οὖν
460 4580 621 4632 ἐπαύσατ’
639 4579 683 4631 ov.
701 4575 794 4652 idem,
815 4578 847 4634 ut
866 4591 941 4634 nunc
961 4574 1052 4646 video,
1074 4575 1139 4634 olim
1160 4576 1302 4650 proposuit
1322 4575 1531 4636 v.Herwerden.
