3466 5536
753 800 796 863 21

253 991 459 1060 Accuratius
490 1017 572 1062 vero
603 995 713 1060 locum
739 995 934 1082 inspicienti
957 1019 1023 1062 non
1045 999 1130 1064 benc
1153 998 1245 1064 inter
1268 1022 1340 1065 sese

210 1137 329 1223 opponi
352 1136 557 1204 videbantur
580 1135 737 1210 δείοοντες
760 1143 796 1205 et
819 1137 1018 1218 στέρξιιντες,
1049 1141 1121 1208 sive
1149 1164 1224 1207 cum
1254 1141 1339 1206 Her-

210 1278 384 1362 werdeno,
409 1280 467 1367 qui
485 1280 574 1346 aiibi
596 1280 740 1347 coniecit
762 1278 962 1360 θαρροῦντες,
986 1283 1185 1350 vocabulum
1204 1281 1340 1362 στέργειν

211 1421 359 1508 explicas
397 1423 670 1506 „accommodare
705 1423 749 1490 ad
784 1445 841 1507 ea,
877 1446 964 1512 quae
993 1424 1121 1492 mutari
1150 1429 1338 1513 nequeunt,

211 1586 316 1651 aequo
350 1568 386 1630 et
419 1564 552 1652 placido
586 1565 696 1632 animo
729 1566 863 1649 ferre”,
903 1565 932 1651 ¹)
964 1567 1036 1634 sive
1064 1590 1139 1633 cum
1162 1567 1341 1634 Schuetzio

214 1705 337 1789 „veriti
372 1728 416 1772 an
449 1707 633 1774 venerati’'
666 1707 748 1790 (scil.
774 1705 884 1792 deos),
909 1707 981 1775 sive
1005 1731 1080 1774 cum
1101 1708 1340 1776 Bellermauno

214 1847 438 1932 „verlangen,
461 1848 690 1931 wiinscben”,
713 1852 754 1914 ut
777 1849 847 1915 alia
870 1849 1061 1916 tentamina
1083 1849 1219 1917 silentio
1240 1874 1340 1938 prae-

209 1991 418 2074 termittam,
449 1991 613 2079 imprimis
644 1995 758 2058 autem
786 1991 955 2059 Ellendtii
981 1992 1162 2058 absurdam
1196 1993 1340 2081 explica-

522 2246 731 2310 μονοσκήπτροισι
749 2243 800 2296 δ’ἐν
817 2249 911 2309 θρόνοις
927 2246 1030 2311 χρέος

522 2345 573 2390 πᾶν
589 2339 745 2403 ἐπικραίνεις.

209 2437 280 2496 Vide
299 2441 440 2512 praeterea
460 2438 493 2496 0.
513 2438 547 2495 R.
571 2438 746 2510 loa-156,
766 2436 799 2494 0.
821 2435 850 2494 0.
873 2437 940 2496 721.
962 2469 1000 2477 -

248 2545 282 2602 0.
302 2545 337 2602 R.
358 2547 433 2603 511:
454 2547 490 2612 τῷ
508 2547 560 2598 ἀπ’
578 2546 640 2610 ἐμᾶς
657 2547 745 2611 Φρενός

248 2655 335 2707 οὔποτ’
360 2654 468 2719 ὀφλήσει
493 2656 595 2712 κακίαν,
618 2650 666 2708 ubi
686 2650 780 2707 hiatus
799 2649 943 2707 amovendi
963 2666 1047 2707 causo
1067 2647 1103 2706 G.
1125 2650 1211 2707 Wolff
1228 2667 1277 2724 pro
1297 2656 1342 2705 ἀπ’

208 2758 350 2836 proposuit
379 2765 448 2826 ιιιιρί
475 2757 499 2814 si
529 2757 596 2830 quid
623 2756 800 2827 mutandum,
827 2757 1005 2832 praetulerim
1030 2760 1141 2831 propter
1167 2757 1343 2816 correctionis

206 2866 362 2935 levitatem,
384 2865 456 2938 quod
475 2864 591 2922 coniecit
610 2881 636 2921 v.
656 2862 821 2921 Herworden
840 2873 882 2931 τῷ
906 2868 927 2930 ρ’
944 2867 1000 2917 ἀπ’
1016 2865 1072 2920 κτὲ.

248 2973 362 3030 Inversa
389 2972 494 3030 ratione
520 2971 553 3029 0.
580 2971 614 3028 R.
634 2971 693 3028 525
713 2969 746 3026 L.
765 2970 848 3027 habet
866 2977 913 3025 τοῦ
929 2971 1025 3036 πρόοδζ
1041 2968 1089 3026 ubi
1108 2985 1207 3027 sensus
1225 2970 1342 3043 requirit

206 3079 351 3138 lectionem
379 3080 415 3136 ab
445 3077 572 3135 omuibus
600 3076 657 3135 fere
684 3076 880 3134 recentioribus
907 3078 1045 3149 receptam
1064 3080 1185 3139 τινίιις
1209 3078 1255 3144 δί,
1275 3075 1341 3134 ibid.

208 3187 267 3245 324
288 3201 306 3244 r
324 3187 406 3244 habet
424 3192 528 3254 φρόννιί
546 3202 596 3258 pro
615 3183 768 3242 necessario
787 3186 893 3251 comc',
913 3184 971 3242 433
991 3183 1021 3240 in
1040 3195 1059 3238 r
1076 3183 1179 3256 legitur
1198 3189 1341 3252 aporiam*

206 3309 256 3366 pro
275 3297 423 3362 φανήσοντῖ

247 3399 377 3456 Eiusdem
407 3399 517 3456 fabulae
547 3413 617 3456 vers.
647 3398 707 3456 870
736 3396 768 3453 in
796 3396 829 3453 L.
856 3395 960 3468 legitur
986 3398 1045 3451 ονἰδὲ
1067 3399 1114 3463 μιίν
1135 3418 1200 3452 ποτε
1218 3402 1342 3464 caspar

207 3511 407 3572 υτοκιιμάσνιι
423 3505 587 3564 recentiores
607 3503 713 3562 codices
732 3503 790 3561 fore
810 3519 904 3560 omnes
924 3519 1017 3561 veram
1033 3503 1165 3576 praebent
1181 3503 1341 3572 lectionem,

206 3612 268 3669 scil.
286 3615 366 3670 usa

247 3718 292 3776 Sic
322 3719 411 3776 Schol.
441 3719 489 3776 Αἱ.
519 3719 578 3776 245
597 3719 680 3776 habet
705 3725 836 3786 πρότερον,
856 3716 904 3774 ubi
930 3716 986 3774 iam
1005 3715 1133 3774 Lascaris
1155 3733 1262 3774 summo
1282 3717 1342 3775 inre

206 3826 328 3899 reposuit
357 3833 470 3894 πότερον.
496 3825 532 3882 Ιιι
558 3825 661 3883 scholio
686 3824 722 3882 ad
748 3824 862 3882 eandem
888 3823 1011 3881 fabulam
1040 3819 1094 3899 (vs.
1124 3820 1197 3899 472)
1217 3823 1248 3880 in
1267 3824 1342 3880 Lau-

206 3932 331 3990 rentiano
347 3932 450 4005 legitur
466 3936 550 3995 δεινος
566 3936 672 3999 buxata,
691 3930 763 4004 quod
779 3932 859 3988 acuto
875 3929 1111 3988 Iobeckmntavit
1121 3929 1151 3986 iu
1168 3933 1340 3997 astrapaea

203 4039 328 4114 suspicor
345 4038 435 4114 primo
454 4056 485 4096 ex
506 4041 661 4107 δειιοψιχιι
686 4037 780 4095 addita
799 4037 893 4094 littera
913 4061 938 4105 ρ,
955 4036 1061 4094 factum
1081 4053 1142 4094 esse
1160 4039 1339 4102 δειιόψνχρις,

204 4150 266 4204 tum
291 4149 383 4204 autem
410 4149 602 4214 correctorem,
629 4162 684 4202 non
711 4146 856 4219 ignarum,
883 4161 967 4218 quam
993 4161 1075 4219 saepe
1095 4144 1238 4202 omittatur
1257 4142 1341 4201 etiam

204 4254 299 4312 littera
325 4277 343 4307 ο
358 4271 408 4327 pro
427 4256 600 4322 δειλόψιιχρος,
619 4252 725 4311 dedisse
745 4253 870 4326 ineptum
889 4251 959 4309 illud
980 4255 1062 4313 δειλὸς
1077 4255 1184 4319 ψυχρός.
1200 4251 1341 4308 Postremo

206 4361 309 4419 Aesch.
329 4361 429 4433 Agam.
451 4360 529 4420 1165
550 4359 655 4418 codices
674 4360 812 4418 fluctuant
831 4359 904 4416 inter
922 4361 1051 4425 θραύματ’
1068 4360 1096 4416 ot
1115 4359 1241 4423 θαύματ’.

250 4466 278 4545 ¹)
308 4467 380 4536 Quid
406 4467 481 4525 enim
508 4483 578 4540 opus
607 4470 666 4525 erat
693 4466 910 4540 supplicatione,
947 4465 972 4523 si
1007 4463 1116 4539 placido
1145 4463 1237 4524 animo
1266 4462 1341 4524 cives

206 4575 338 4635 irruentia
358 4575 462 4634 ferrent
480 4575 575 4634 mala?
