3490 5540
761 804 913 884 os'

216 1038 230 1094 ρ
255 1013 359 1096 enim,
391 1017 432 1090 ut
463 1001 565 1100 supra
587 1012 736 1096 ostendi,
760 1011 946 1078 identidem
970 1011 1157 1090 omittitur,
1182 1011 1346 1078 vocabula

216 1159 330 1221 autem
359 1177 433 1220 cum
464 1140 531 1236 <pt—a
552 1155 767 1244 incipientia,
798 1159 838 1223 ut
868 1154 1003 1222 memini
1030 1177 1083 1220 me
1108 1153 1233 1220 alicubi
1257 1153 1346 1242 apud

215 1299 301 1365 Bast
330 1298 461 1384 legere,
495 1320 515 1364 a
545 1297 788 1365 festinantibus
821 1297 939 1364 scribis
965 1296 1159 1364 scribuntur
1183 1296 1255 1363 sola
1274 1296 1346 1382 syl-

214 1441 294 1507 laba
314 1426 373 1520 oi,
399 1438 628 1529 superscripta
649 1441 719 1508 litt.
743 1454 774 1514 λ,
797 1461 884 1538 quae
907 1443 1021 1507 tamen
1045 1439 1232 1506 sexcenties
1243 1439 1344 1527 perit,

215 1586 254 1649 ut
276 1587 536 1649 consentaneum
559 1585 620 1650 est.
644 1581 798 1648 Librarii
821 1582 930 1667 igitur
952 1581 1014 1648 hoc
1037 1582 1345 1649 lococonfuderunt

216 1735 259 1806 φε
284 1726 415 1812 (omisso
439 1725 648 1812 compendio,
673 1724 760 1812 quod
784 1724 945 1812 exprimit
968 1709 1022 1810 εἶν)
1047 1729 1082 1793 et
1105 1709 1154 1807 ᾗ.

260 2019 325 2086 Ad
347 2044 404 2087 vs.
428 2022 526 2087 896:

605 2162 646 2226 πί
668 2163 717 2226 δεῖ
736 2187 778 2240 με
801 2162 952 2245 χορεύεννς

259 2307 342 2374 Post
373 2305 506 2387 χορεύειν
537 2305 576 2372 L.
608 2329 683 2372 oum
714 2310 876 2394 quattuor
899 2307 977 2373 aliis
1001 2307 1099 2374 libris
1122 2307 1227 2375 habet
1249 2314 1346 2373 πονεῖν

216 2449 232 2523 ἢ
263 2455 324 2521 τοῖς
355 2447 455 2521 θεοῖς,
486 2471 547 2536 pro
577 2448 699 2536 quibus
721 2450 893 2518 vocabulis
916 2449 1066 2515 Dindorf
1085 2450 1346 2538 transpositione

216 2591 372 2659 restituit
395 2591 411 2665 ἢ
435 2596 531 2655 πονεῖν
554 2598 616 2663 ποῖς
639 2588 732 2656 θεοῖο.
757 2590 945 2678 Thompson
969 2594 1005 2657 et
1023 2592 1048 2658 J
1050 2593 1112 2658 ebb
1131 2593 1237 2661 verba
1250 2598 1346 2656 πονεῖν

434 2689 445 2712 ε

216 2735 234 2810 ἢ
264 2740 325 2807 τοῖς
356 2731 437 2806 θεοῖς
468 2736 628 2821 corrupta
655 2756 728 2801 esse
752 2757 794 2800 ex
818 2715 1027 2816 πονο-νομίζειν
1049 2741 1111 2808 τοῖς
1134 2733 1233 2809 θεοῖς,
1257 2736 1345 2825 quod

216 2877 253 2943 in
284 2876 361 2943 aliis
391 2875 566 2945 invenitur
593 2875 778 2958 codicibm,
803 2875 994 2963 opinantur.
1018 2875 1036 2952 ἢ
1061 2877 1140 2961 (aar)
1164 2884 1260 2942 πονεῖν
1282 2885 1344 2950 τοῖς

216 3017 300 3092 θεοῖς
331 3019 511 3106 explicatio
542 3017 816 3105 praecedentium
840 3017 1077 3085 vocabulorum
1101 3042 1173 3086 esse
1196 3019 1343 3088 videtur.

261 3161 439 3228 Violenter
462 3159 584 3227 Nauck
606 3159 758 3248 reposuit
777 3165 831 3223 ποῖ
839 3159 931 3238 δεῖμ’
944 3158 990 3224 ἔτι
1002 3159 1154 3234 ardorem
1167 3162 1343 3232 Wecklein

216 3303 250 3368 τί
279 3298 328 3368 δεῖ
353 3327 395 3380 με
418 3300 572 3377 θνοσκεῖνς
595 3303 634 3368 Ο.
658 3302 773 3369 Hense
795 3300 828 3366 τί
849 3303 952 3380 δεῖμ’
977 3297 1144 3384 ε’φορεύεννς
1167 3301 1346 3371 Gleditsch

216 3448 259 3528 τῷ
282 3447 332 3510 δεῖ
350 3447 385 3524 μ’
411 3442 545 3526 ῖερεύεονς

262 3589 368 3656 Nulla
391 3588 585 3654 coniectura
608 3586 693 3654 satis
713 3586 834 3674 placet,
855 3590 890 3653 et
909 3590 1049 3654 verbum
1069 3587 1201 3670 χορεύειν
1221 3590 1345 3677 optime

218 3753 255 3797 se
291 3730 405 3796 habet.
429 3729 506 3796 Non
530 3728 618 3795 enim
641 3727 797 3814 intelligo
820 3727 969 3794 Nauckii
993 3729 1260 3798 adnotationem:
1285 3732 1345 3798 das

216 3872 424 3940 frevelhafte
460 3871 607 3938 Treiben
639 3870 701 3936 der
735 3868 913 3937 Gottlosen
946 3871 1039 3937 kann
1077 3873 1143 3939 den
1184 3873 1348 3940 frommen

218 4015 308 4082 Chor
337 4014 426 4082 wohl
453 4037 515 4080 zur
536 4012 788 4099 Verzweiflung
809 4012 971 4099 bringen‚
996 4015 1078 4080 aber
1100 4014 1196 4082 nicht
1216 4015 1347 4102 iiiglich

217 4159 289 4225 ihm
324 4159 379 4225 dia
408 4158 497 4225 Lust
526 4179 580 4223 am
611 4157 705 4223 'lanz
735 4155 923 4224 verderben
946 4156 1027 4226 oder
1048 4179 1114 4224 von
1136 4157 1198 4224 der
1219 4159 1346 4225 Vereh·

217 4323 307 4387 rung
342 4301 401 4368 der
437 4299 560 4367 Giitter
589 4299 650 4364 ihn
681 4297 851 4366 abziehen.
882 4298 958 4365 Non
981 4298 1022 4365 de
1045 4299 1263 4366 scelestorum
1286 4299 1346 4364 im·

216 4445 364 4534 pietate,
409 4442 468 4510 sed
510 4442 552 4509 de
588 4441 695 4508 nimia
728 4441 865 4508 deorum
899 4441 1131 4528 indulgentia,
1167 4442 1225 4530 qui
1258 4443 1346 4509 talia

217 4586 371 4653 facinora
405 4586 516 4652 inulta
548 4608 621 4651 esse
645 4585 777 4670 sinunt,
801 4584 957 4672 queritur
980 4585 1109 4651 chorus.
1144 4584 1238 4652 Haec
1263 4584 1347 4651 dicit
