3490 5540
960 767 1002 832 78

413 959 557 1038 ’κβοιλῶο
583 961 688 1028 Recte
713 959 801 1027 enim
824 959 950 1028 Kaibel
974 960 1116 1029 adnotat
1128 962 1216 1030 hunc
1227 962 1336 1030 locum
1350 963 1541 1048 significare

412 1103 621 1181 κομποοτικὸο
654 1103 736 1178 ἔποςΙ
755 1103 893 1180 ἐιβοιλώι
925 1103 998 1188 „die
1026 1104 1241 1192 Prtiposition
1273 1107 1306 1169 ἐκ
1329 1106 1436 1174 wirkt
1458 1106 1543 1172 noch

413 1247 470 1313 fiir
505 1245 610 1324 βαλών
645 1246 724 1329 mit,
766 1246 831 1314 wie
875 1246 1029 1334 hiiufigcr
1063 1247 1117 1314 bei
1152 1248 1341 1336 copulirten
1375 1249 1541 1316 Verben'’.

414 1387 506 1478 Apte
531 1393 704 1478 comparat
727 1389 849 1457 Traoh.
874 1390 916 1456 89
942 1395 976 1458 et
998 1389 1082 1457 Ant.
1107 1390 1182 1458 536.

459 1674 528 1741 Ad
561 1701 583 1744 v
596 1699 621 1742 s,
658 1677 766 1742 556:

613 1815 757 1892 ἔπειθες,
781 1819 797 1894 ἢ
822 1819 871 1884 οὐκ
898 1817 1041 1892 insessa,
1066 1821 1102 1892 ὥς
1127 1819 1213 1899 χρείη
1239 1817 1330 1896 μ’ἕπὶ

611 1959 886 2038 siracusinorum
909 1959 1005 2042 ἄνδροι
1028 1959 1227 2042 πέμψοιοθοιί
1247 1985 1357 2035 τιοοος

458 2103 608 2171 Offendit
632 2102 830 2172 vocabulum
853 2128 943 2168 τιοοι
966 2109 1103 2193 propter
1129 2105 1228 2172 huius
1248 2105 1386 2172 fabulae
1405 2129 1454 2173 vs.
1468 2105 1540 2177 288,

412 2246 470 2311 ubi
494 2245 642 2333 Oedipus
666 2244 767 2311 dicit:
794 2243 926 2324 ἔπεμψα
949 2245 1009 2326 γὰρ
1035 2245 1173 2327 Κρέοντος
1193 2244 1325 2318 εἰπόντος
1348 2246 1538 2330 διπλοῦς]

413 2387 563 2470 πομπούς,
594 2388 638 2454 ad
668 2411 767 2475 quem
797 2387 906 2453 locum
929 2388 1070 2454 Ellendt
1093 2389 1235 2476 pessime
1261 2389 1403 2456 adnotat
1431 2389 1537 2474 „duas

411 2530 684 2617 legationes,
727 2530 803 2618 plus
846 2552 911 2595 nno
954 2530 1041 2595 enim
1075 2530 1150 2599 viro
1185 2534 1261 2597 erat
1294 2531 1329 2597 in
1365 2529 1538 2618 utraque.''

415 2672 506 2755 Quid
538 2695 638 2760 porro
671 2673 757 2739 Jebb
795 2671 954 2755 moverit,
990 2676 1030 2739 ut
1059 2672 1246 2760 explicaret
1280 2673 1340 2758 „he
1371 2673 1440 2740 had
1469 2675 1540 2740 sent

414 2823 483 2884 two
518 2814 767 2882 successive
801 2814 992 2900 messages'’
1029 2838 1094 2880 non
1128 2815 1235 2882 video.
1261 2813 1428 2882 Similiter
1450 2815 1489 2881 E.
1512 2815 1539 2880 I.

413 2957 553 3046 Kayser
587 2958 695 3028 vertit
732 2958 825 3042 „his
859 2959 991 3044 legatos
1025 2959 1133 3026 misi.'’
1176 2959 1294 3046 (Trag.
1326 2959 1426 3048 Soph.
1457 2981 1538 3048 quae

414 3102 517 3188 vulgo
558 3101 758 3167 inscribitur
799 3100 947 3190 Oedipus
988 3104 1080 3186 Rex,
1123 3102 1286 3188 Prologus
1321 3102 1473 3169 Parodus
1506 3104 1539 3167 et

413 3244 564 3309 Primum
606 3244 802 3332 Episodium
845 3245 1014 3312 Snethicis
1057 3245 1211 3313 versibus
1247 3267 1406 3332 expressa
1441 3248 1538 3332 atque

414 3385 687 3452 adnotationibus
718 3387 912 3464 illustrata,
944 3386 1107 3474 Upsaliae
1139 3387 1235 3453 1869.
1268 3386 1341 3453 Iam
1365 3386 1449 3452 alibi
1472 3384 1537 3451 dixi

413 3528 501 3593 hunc
535 3527 688 3594 libellum
722 3528 849 3595 nullius
882 3551 954 3596 esse
988 3530 1114 3618 pretii.)
1147 3530 1270 3601 διπλοῦς
1294 3529 1381 3595 enim
1405 3553 1537 3618 prorsus

412 3670 501 3737 idem
536 3674 604 3752 est,
641 3670 728 3758 quod
762 3669 829 3753 δύο,
865 3671 933 3738 vid.
970 3671 1098 3737 Brulm.
1134 3671 1320 3739 Praeterea
1354 3670 1538 3760 comparari

412 3815 552 3900 possunt
575 3835 624 3879 vs,
649 3813 714 3878 297
734 3810 817 3876 οἵδε
840 3811 900 3893 γὰρ
922 3810 937 3898 s
959 3812 1008 3876 τοι
1033 3811 1112 3877 θεῖοι
1135 3813 1188 3889 ἤδη
1208 3811 1318 3892 μοέοτιο
1338 3810 1388 3878 ὧδ’
1408 3811 1538 3896 ἄγουσιν,

414 3960 449 4021 et
471 3979 519 4022 vs.
546 3955 610 4020 305
635 3953 660 4016 εἰ
683 3951 734 4017 usi
759 3955 801 4031 μὴ
825 3953 926 4029 κλύεις
949 3958 1005 4018 τῶν
1029 3955 1223 4032 οὶγγέλωο,

457 4098 578 4186 Itaque
610 4096 734 4163 conicio
757 4118 817 4185 pro
848 4121 938 4160 τινος
970 4097 1164 4186 Sophoclem
1187 4097 1319 4165 dedisse
1342 4122 1473 4182 τινος,
1500 4099 1541 4165 de

411 4263 478 4329 qua
490 4240 683 4307 coniectura
695 4239 762 4305 iam
773 4239 955 4306 Elmsleius
968 4240 1134 4326 cogitasse
1146 4239 1293 4309 videtur.
1302 4240 1435 4308 Vitium
1446 4242 1541 4307 nasci

411 4382 525 4471 patuit
547 4381 625 4447 inde
644 4381 732 4469 quod
749 4381 876 4448 iniuria
890 4382 1026 4448 librarii
1047 4382 1295 4467 coniungebant
1313 4379 1407 4463 traps
1424 4387 1541 4449 atron

410 4523 611 4610 (correctum
636 4539 687 4590 en¹
711 4547 812 4597 οιοοιςς
832 4524 933 4591 lectio
953 4523 1039 4589 enim
1054 4521 1163 4605 ἄνδρας
1177 4525 1314 4592 restitui
1327 4549 1391 4592 non
1403 4529 1541 4612 poterat
