3490 5540
778 840 842 905 117

240 1055 305 1123 οἶδε
328 1061 361 1124 δὲ
384 1063 482 1142 κιιιρὲν
504 1071 716 1141 ονριριετρῆοοοι
738 1062 791 1126 aa}
814 1062 1009 1146 προέγριιιτιο,
1034 1061 1125 1127 ὥστ’
1156 1065 1197 1127 ἐκ
1228 1068 1372 1144 μικροῦ

240 1203 501 1286 ἦμιοτιχίου,
537 1203 554 1278 ἢ
589 1203 736 1280 λέξεως
770 1209 882 1290 μιᾶς,
914 1205 978 1270 ἕλον
1019 1204 1171 1280 ἠθοποιεῖν
1207 1205 1370 1286 πρόσωπον.

239 1346 335 1412 Haec
369 1346 463 1414 vitae
487 1347 634 1414 auctoris
656 1349 762 1414 verba
784 1348 970 1415 identidem
993 1349 1116 1436 optime
1140 1349 1369 1414 illustrantur.

240 1487 290 1554 Ut
330 1512 433 1554 unum
469 1491 610 1555 afferam
644 1490 849 1577 exemplum,
884 1490 920 1556 in
953 1490 1088 1572 fabula,
1124 1512 1210 1579 quae
1245 1489 1372 1556 dicitur

239 1631 416 1716 Antigona
438 1632 581 1718 legimus
605 1655 749 1715 versum,
770 1657 835 1721 quo
858 1637 968 1699 totum
991 1634 1136 1720 virginis
1161 1634 1370 1701 miserrimae

238 1772 458 1860 perspicimus
482 1773 664 1859 ingenium.
697 1775 845 1841 Frustra
869 1776 1004 1842 Ismene
1029 1799 1173 1843 sororem
1199 1777 1241 1842 ab
1266 1777 1368 1843 auda-

239 1917 332 1981 cibus
366 1916 492 2002 coeptis
520 1916 670 1982 retinere
700 1921 820 1983 conata
851 1922 920 1999 est,
945 1919 1018 1982 tum
1039 1917 1151 1984 addit:
1177 1915 1293 1996 θερμὴν
1317 1918 1368 1981 ἐπὶ

238 2066 384 2140 ψυχροῖσι
406 2058 531 2139 expelat
555 2059 656 2141 ἔχεις,
683 2060 835 2148 adquae
859 2059 1035 2146 Antigona
1059 2060 1142 2127 haee
1169 2061 1367 2148 respondet:

239 2205 326 2266 ἀλλ’
369 2198 444 2267 οἷδ’
488 2203 706 2285 οέρέοκονο’,
741 2199 797 2274 οἷς
832 2199 1011 2279 μάλισθ’
1047 2201 1159 2265 οὶδεῖν
1195 2225 1245 2278 με
1280 2204 1367 2282 χρή.

239 2346 373 2432 Optime
408 2346 449 2412 de
485 2344 606 2432 Oedipi
639 2346 710 2411 loco
744 2345 911 2412 iudicavit
943 2344 1134 2411 Sehmelzer
1157 2344 1194 2409 in
1217 2344 1369 2430 eleganti

237 2487 338 2554 huius
372 2487 509 2553 fabulae
545 2487 709 2570 editione,
745 2487 805 2552 ubi
838 2487 930 2553 inter
962 2486 1031 2552 alia
1062 2486 1147 2552 haee
1175 2485 1280 2553 habet
1308 2486 1369 2570 „in

237 2629 551 2697 melancholisehem
575 2630 667 2695 'Pone
690 2630 914 2717 gesproohen,
938 2630 1050 2697 haben
1072 2629 1127 2695 die
1150 2630 1271 2696 Worte
1292 2629 1367 2696 eine

236 2772 489 2859 ties-tragische
514 2770 721 2858 Wirkung.'’

282 2976 350 3043 Ad
384 3001 445 3045 vs.
481 2977 557 3042 31:
591 2975 694 3058 (vid.
725 2974 913 3059 tabell.)

392 3117 488 3183 θεοῖσι
510 3118 568 3196 μέν
591 3142 637 3182 νυν
659 3119 708 3182 οὐκ
731 3116 879 3194 ἰσούμενον
903 3120 931 3181 σ’
956 3117 1015 3193 ἐγώ
1037 3119 1103 3182 κτὲ.

281 3264 409 3330 Versus
444 3266 621 3350 corruptus
653 3285 725 3329 esse
757 3261 911 3344 videtur,
942 3285 1051 3349 neque
1074 3262 1267 3328 dubitarem
1290 3285 1366 3364 cum

235 3406 424 3492 Blaydesio
448 3406 630 3472 restituere
653 3428 712 3492 pro
742 3403 907 3481 ἰσούμενον,
942 3403 1021 3467 ἴσον
1052 3405 1176 3481 νέμων
1199 3406 1368 3492 (transpo-

237 3549 333 3615 siti0:
365 3549 408 3615 cf.
434 3548 537 3626 1135,
567 3548 626 3613 ubi
649 3547 760 3614 neseio
783 3570 828 3613 an
850 3550 942 3614 recte
965 3570 1026 3634 pro
1048 3543 1062 3609 ὃ
1085 3547 1142 3624 μέν
1166 3547 1366 3615 Heimsoeth

236 3691 410 3779 proposuit
431 3689 548 3776 νέμων).
581 3689 676 3756 Haeo
698 3689 892 3756 coniectura
914 3689 1020 3755 multo
1042 3690 1150 3776 magis
1175 3690 1258 3755 mihi
1281 3691 1366 3756 arri-

237 3833 312 3915 det,
350 3855 450 3921 quam
481 3831 569 3919 quod
602 3831 745 3897 coniecit
778 3830 927 3913 Mekler‚
959 3831 1018 3919 qui
1046 3831 1083 3896 in
1107 3855 1156 3899 vs.
1181 3832 1223 3897 32
1247 3831 1364 3918 legere

236 3976 335 4042 malit
376 3971 579 4053 οὶζόροεοθ’
622 3973 777 4053 ἐφέστιοις
823 3971 951 4052 ἕζεσθαι
986 3974 1074 4040 enim
1109 3976 1248 4042 verbum
1290 3998 1362 4062 pro·

236 4121 348 4209 prium
372 4125 425 4186 est
447 4118 489 4184 de
514 4117 736 4205 supplicibuS,
761 4117 803 4183 ef,
829 4141 857 4183 e.
874 4140 907 4203 g.
932 4117 1013 4184 Eur.
1037 4117 1175 4184 Heraol.
1200 4117 1242 4184 33
1267 4117 1365 4181 ἱκέτοιι

236 4258 539 4342 κοιθεζόροεοθοι
570 4259 680 4337 βώμιοι
713 4257 801 4323 θεῶν.

283 4458 351 4525 Ad
384 4483 444 4527 va
482 4458 553 4523 51:

438 4602 511 4665 ἀλλ’
535 4597 698 4683 οὶσφοιλείρι
720 4599 801 4673 τήνδ’
825 4596 988 4679 ἀνόρθωσον
1012 4598 1109 4663 πόλιν·
