3466 5536
938 859 982 924 40

401 1053 431 1124 ἐς
466 1049 587 1125 νιύντας
622 1051 704 1116 αὔδα
737 1053 802 1116 κτέ.
837 1053 879 1119 In
901 1056 976 1119 tota
997 1052 1061 1118 hae
1086 1074 1185 1119 scena
1208 1051 1355 1118 animose
1378 1050 1526 1139 loquitur

399 1219 476 1262 rex:
517 1195 702 1262 identidem
736 1195 896 1263 brevibus
933 1193 1257 1280 interrogationibus
1292 1193 1390 1281 quasi
1423 1193 1525 1258 inter·

398 1336 507 1425 pellat
540 1337 686 1405 levirum
721 1336 763 1403 ef.
807 1359 874 1404 vss.
906 1337 948 1402 99
988 1341 1024 1401 et
1060 1335 1134 1402 105.
1169 1334 1248 1419 Qua
1282 1333 1323 1400 de
1356 1356 1394 1400 re
1428 1333 1526 1422 plura

400 1479 477 1548 vide
501 1479 591 1568 apud
614 1478 805 1546 Sebmelzer
827 1500 883 1566 pg.
909 1477 1048 1544 19-20.

443 1761 513 1829 Vs,
552 1762 658 1828 12οι

508 1903 542 1967 τὸ
566 1909 663 1978 νιοῖονς
687 1901 717 1968 ἓν
739 1903 800 1984 γαρ
825 1901 955 1969 πόλλ’ἐον
978 1901 1154 1983 ἐξεύροι
1188 1900 1378 1980 μαθεῖν,

509 2045 606 2126 οὶρχῖνν
631 2044 786 2126 βραχεῖαν
809 2045 835 2108 εί
858 2043 1011 2123 λοίβοιμεν
1035 2044 1170 2118 ἐλπίδος.

442 2188 558 2256 Verba
579 2185 688 2282 Ιἐξεύροι
713 2184 828 2265 μαθεῖν
852 2188 970 2277 procul
994 2188 1095 2255 dubio
1118 2191 1279 2276 corrupta
1299 2191 1386 2254 sunt.
1407 2187 1526 2255 Weck-

398 2331 468 2397 lein
492 2330 574 2416 (Ars
599 2330 698 2419 Soph.
725 2353 785 2397 em,
809 2353 864 2418 pg.
890 2331 946 2414 52)
969 2330 1112 2397 coniecit
1146 2329 1331 2411 ἐκφέροι
1360 2329 1525 2416 „dueat”,

398 2473 606 2563 probabilius
653 2498 685 2542 v.
729 2472 941 2540 Herwerden
984 2471 1067 2540 Eur.
1113 2473 1174 2540 lon
1218 2495 1273 2561 pg.
1310 2474 1374 2539 236
1417 2469 1525 2552 ἐξεύροι

399 2613 554 2694 μαθύν
590 2655 630 2662 —-
667 2614 693 2678 εί
728 2612 865 2691 λοίβοι
899 2637 976 2685 τις,

444 2758 589 2825 Leniore
625 2758 818 2825 coniectura
851 2757 959 2824 locum
991 2760 1185 2846 corruptum
1208 2758 1324 2824 sanari
1346 2781 1442 2847 posse
1467 2782 1526 2846 pu-

399 2905 477 2969 tans
499 2900 744 2989 proposuerim:
776 2897 952 2980 ἐξεύροις
986 2898 1142 2979 μαθών,
1174 2904 1215 2967 ut
1241 2901 1335 2968 dieat
1361 2901 1525 2989 Oedipus:

399 3041 528 3109 νιύλοῖῖιν
552 3040 678 3124 ἐξεύροις
701 3039 731 3105 ἐν
753 3039 872 3119 μαθύν.
896 3043 1026 3111 Versus
1049 3065 1190 3131 sequens
1214 3044 1311 3124 ἀρχὴν
1332 3041 1524 3123 βραχεῖανεῖ

400 3183 552 3262 λύβοιμεν
583 3181 707 3256 ἐλπίδος
738 3183 885 3271 explieat
916 3180 946 3246 ἐν
969 3180 1087 3260 μαθών.
1114 3185 1256 3251 Inversa
1280 3185 1412 3252 ratione
1437 3185 1528 3252 infra

401 3330 490 3413 (748)
514 3328 675 3415 legimus:
698 3325 807 3402 δείξεις
830 3326 864 3390 δὲ
887 3328 1008 3404 μοῖλίιον
1030 3325 1063 3402 ἢν
1086 3325 1117 3390 ἓν
1140 3325 1261 3408 ἐξείνιρς
1285 3323 1341 3391 ἐτι.

446 3468 577 3553 μαθεῖν,
610 3469 697 3559 quod
727 3471 869 3558 praebet
894 3470 1013 3553 codex,
1038 3469 1074 3535 in
1097 3469 1164 3536 fine
1187 3492 1322 3554 versus,
1347 3474 1387 3537 ut
1410 3493 1526 3558 saepe,

402 3619 455 3682 est
478 3617 680 3702 corruptum.
712 3613 899 3680 Praeterea
921 3611 1069 3678 confusio
1093 3612 1183 3678 inter
1207 3595 1249 3676 ὦ
1273 3617 1307 3678 et
1327 3594 1367 3674 ὀν
1389 3602 1454 3678 non
1477 3612 1528 3678 ita

401 3779 482 3824 rara
515 3760 567 3823 est
601 3756 643 3822 cf.
679 3755 715 3822 Ο.
752 3757 794 3822 R.
828 3755 914 3820 1170
944 3753 1031 3831 οίμοι,
1063 3753 1134 3834 πρὸς
1158 3754 1237 3834 αὐτῷ
1260 3752 1359 3830 νέῖμῖ
1380 3755 1421 3834 τῷ
1445 3754 1526 3835 δεινῷ

402 3899 512 3977 λέγειν.
548 3898 666 3975 κᾶγωγ’
703 3895 826 3961 οὶκούειν·
862 3896 922 3962 ubi
956 3896 1014 3979 L.,
1049 3896 1127 3962 Par.
1164 3895 1198 3962 A
1233 3901 1269 3964 et
1303 3919 1415 3963 omnes
1456 3898 1528 3963 fere

402 4042 531 4109 eodioes
561 4043 726 4130 praebent
752 4039 942 4137 lectionem,
955 4036 1074 4102 οῖκούων.
1100 4038 1225 4105 Veram
1247 4039 1388 4106 formam
1412 4038 1527 4104 οῖκούειν

404 4184 557 4252 servavit
589 4184 681 4250 Plut.
717 4182 833 4249 moral.
868 4182 964 4248 5220
994 4185 1029 4248 et
1064 4181 1150 4247 1093
1162 4182 1192 4248 b.
1228 4180 1331 4248 Laur.
1357 4205 1430 4248 eum
1450 4207 1526 4249 non-

401 4324 505 4391 nullis
530 4325 749 4412 apographis,
769 4328 859 4391 teste
871 4322 1022 4405 Wolffio‚
1044 4345 1147 4410 supra
1159 4321 1270 4386 οίκούιον
1286 4323 1467 4410 adscripsit
1479 4347 1529 4389 ειν.

402 4467 535 4534 Primus
559 4466 697 4533 Brunck
710 4490 834 4534 summo
846 4465 1109 4532 iureintextum
1120 4465 1250 4552 recepit
1262 4464 1385 4529 οῖκούειν.
1405 4465 1528 4533 Simili-

402 4612 457 4675 ter
470 4632 521 4697 ap.
536 4609 644 4676 schol.
654 4607 710 4675 ni.
724 4610 789 4675 974
800 4631 861 4696 pro
872 4607 1061 4674 necessario
1073 4603 1216 4687 γνωρίζων
1227 4607 1357 4693 legitur
1368 4605 1527 4689 γνωρίζειν.
