3466 5536
796 811 836 877 11

296 1007 430 1095 Optime
467 1007 636 1089 videmus,
671 1029 771 1096 quam
805 1007 964 1075 innocens
996 1008 1087 1096 apud
1119 1006 1314 1095 Sophoclem
1334 1007 1380 1074 sit

250 1149 416 1238 Oedipus,
449 1150 478 1218 si
507 1150 722 1218 recordamur
753 1149 913 1238 quomodo
943 1149 1127 1238 Euripides
1158 1152 1268 1216 totam
1293 1149 1381 1216 hanc

250 1313 383 1359 scenam
401 1292 438 1357 in
455 1292 715 1360 Phoenissarum
734 1292 871 1380 prologo
895 1291 1091 1360 narraverit
1115 1291 1195 1377 (vss.
1221 1292 1263 1358 39
1284 1290 1378 1379 sqq.).

406 1433 461 1498 κου’
481 1459 522 1499 νον
545 1433 661 1499 κελεύει
685 1434 782 1499 Λοιΐου
806 1432 1011 1515 τροχηλάτης·

380 1622 384 1628 -
409 1573 456 1662 ,d
480 1575 563 1653 ξένε,
588 1576 736 1659 τυράννοις
761 1578 891 1642 ἐκποδὼν
914 1576 1121 1656 μεθίστασο.”

406 1716 549 1801 ὃδέἷρτ’
574 1718 711 1794 ἄναυδος,
735 1721 823 1800 μέρος
847 1725 968 1801 opauco·
994 1726 1086 1785 πῶλοι
1109 1720 1142 1786 δέ
1166 1744 1207 1784 νον

407 1869 524 1943 χνλοοῖς
545 1863 684 1936 τένοντος
708 1861 909 1944 ἐξεφοίνισσον
933 1862 1038 1929 ποδῶν.

405 2002 476 2069 ὅθεν
501 2043 542 2052 -
566 2004 599 2069 τί
619 2006 730 2079 κοὶκτὸς
753 2011 809 2070 τῶν
832 2010 929 2070 κοοκῶν
952 2030 994 2084 με
1018 2004 1069 2070 δεῖ
1088 2005 1208 2083 atram
1232 2045 1274 2052 -

408 2152 483 2220 τοῖς
507 2146 627 2228 τοιτέροι
650 2147 744 2212 κοοίνεε
769 2147 821 2211 nal
844 2147 949 2226 satida
972 2149 1124 2228 οχήμοοτοο

409 2288 538 2370 Πολύβῳ
561 2292 672 2370 τροφεῖ
691 2289 809 2354 δίδωσιν
832 2290 895 2353 κτὲ.

297 2433 419 2521 Itaque
454 2433 543 2520 apud
577 2432 776 2522 Euripidem
809 2433 975 2520 Oedipus,
1014 2434 1056 2499 ab
1085 2432 1208 2518 auriga
1242 2434 1382 2517 rogatus

253 2579 294 2642 ut
327 2575 368 2642 de
403 2575 461 2643 via
495 2575 672 2660 deflectat,
718 2576 806 2642 nihil
847 2576 1044 2664 respondet,
1084 2578 1198 2642 mutus
1233 2597 1313 2641 vero
1349 2576 1384 2640 et

254 2719 417 2806 superbus
458 2720 509 2787 ire
551 2719 675 2807 pergit.
717 2719 879 2788 Videmus
915 2719 1004 2808 apud
1037 2719 1126 2785 hunc
1161 2717 1281 2806 Oedipi
1316 2717 1384 2783 cul-

253 2883 331 2949 pam
372 2862 507 2949 augeri,
551 2857 641 2950 apud
678 2862 872 2950 Sophoclem
906 2867 1024 2930 contra
1058 2861 1180 2928 Laium
1216 2860 1269 2927 sui
1302 2859 1385 2926 mali

255 3027 328 3072 esse
363 3008 543 3109 auctorem.
586 3004 764 3089 Sagaciter
802 3004 844 3071 de
879 3007 1024 3092 utraque
1060 3025 1160 3071 scena
1194 3001 1384 3091 disputavit

255 3145 375 3212 Bruhn
397 3168 452 3233 pg.
477 3147 530 3212 35.

300 3287 367 3372 At,
391 3288 566 3376 inquiunt,
586 3287 713 3355 iniuria
725 3288 873 3377 Oedipus
885 3288 1049 3357 irascitur
1061 3290 1231 3372 Tiresiae,
1246 3311 1386 3357 venera·

258 3431 321 3497 bili
345 3431 432 3515 seni,
458 3431 532 3500 vati
555 3431 693 3508 eximi03
717 3432 775 3520 qui
796 3432 847 3498 ita
859 3431 1090 3515 dicunt,mihi
1102 3431 1237 3521 quidem
1249 3453 1385 3519 persua-

258 3576 338 3642 dere
360 3597 541 3662 numquam
564 3577 733 3663 poterunt.
754 3575 902 3664 Oedipus
915 3575 1003 3642 enim
1016 3575 1166 3641 omnibus
1178 3574 1284 3640 modis
1297 3573 1384 3640 The-

258 3721 318 3786 bas
342 3740 479 3786 servare
503 3720 661 3804 conatur;
686 3741 812 3805 augur,
836 3717 895 3806 qui
914 3741 950 3785 se
961 3718 1081 3785 futura
1091 3718 1224 3785 novisse
1236 3717 1385 3800 fatetur,

258 3861 368 3927 fatum
392 3860 524 3948 aperire
548 3863 700 3943 recusat;
724 3883 860 3928 causam
883 3884 943 3928 cur
966 3865 1099 3928 recuset
1121 3861 1259 3947 ignorat
1281 3883 1351 3927 rex.

239 4051 459 4062 ——..—

257 4148 416 4207 adnotavit:
448 4148 535 4207 durch
564 4156 622 4219 πρὸς
648 4153 706 4215 βίον
737 4148 804 4206 wird
834 4147 1030 4206 ausdrucklich
1058 4146 1295 4220 hervorgehobeu,
1326 4146 1391 4204 dass

258 4258 374 4333 Oidipus
394 4258 442 4316 dor
460 4257 655 4331 Angegriffene
671 4274 743 4324 πυτς
761 4259 859 4316 abenso
876 4258 944 4332 liagt
962 4258 991 4315 iu
1007 4258 1132 4327 ἐκτρέπειν
1148 4257 1193 4315 eiu
1202 4257 1391 4329 gewdtsames

257 4365 398 4438 Drtingen.
427 4365 473 4424 Sia
502 4364 639 4424 sordentes
669 4365 718 4423 ihu
748 4364 826 4423 nicht
857 4367 926 4424 etwa
955 4365 1007 4424 mit
1034 4365 1148 4423 Wortcu
1173 4364 1224 4423 auf
1249 4366 1294 4438 (ut
1319 4365 1393 4438 apud

258 4469 439 4550 Euripiden),
470 4472 587 4532 scudem
614 4471 718 4531 trieben
746 4472 795 4530 ihu
815 4472 845 4530 in
865 4473 927 4533 dem
946 4489 1035 4547 eugen
1055 4473 1156 4545 Wego,
1177 4489 1217 4531 wo
1238 4472 1393 4547 uberhaupt

260 4580 363 4638 schwer
380 4579 588 4639 auszuweichen
606 4596 675 4652 war,
695 4579 818 4640 herrisch
837 4581 894 4640 und
913 4580 965 4640 mit
985 4578 1092 4639 Gewalt
1113 4597 1162 4638 zur
1181 4579 1262 4640 Seite.
