3490 5540
780 1662 1109 1732 APPENDIX.

613 1941 790 2006 LEEUWENH
814 1963 852 2007 DE
876 1961 1050 2008 sncnnnleo
1074 1961 1271 2006 conlectum.

663 2137 714 2203 Do
738 2159 880 2204 vnnsisos
903 2135 1075 2206 nonnosus
1098 2157 1222 2204 seusus.

424 2437 456 2480 v.
478 2413 647 2480 Leeuwen
666 2412 703 2479 in
734 2412 838 2496 libro,
868 2413 926 2502 qui
949 2413 1148 2480 inscribitur
1174 2412 1443 2498 „commentatio
1469 2411 1514 2478 de

380 2557 497 2624 Aiacis
529 2555 703 2644 Sophoclei
726 2556 920 2624 Anthentia
943 2562 978 2625 et
1001 2557 1210 2644 Integritate
1238 2559 1306 2644 (pg.
1333 2557 1397 2622 140
1425 2555 1511 2644 sqq.)

379 2698 631 2788 inquisitionem
654 2698 695 2764 de
715 2699 941 2766 Laurentiani
960 2700 1148 2787 archetypo
1162 2698 1325 2765 instituit.
1343 2698 1513 2766 Servatur

381 2841 468 2907 enim
493 2841 529 2907 in
552 2842 643 2909 ealce
666 2841 893 2908 Laurentiani
915 2841 1089 2908 adnotatio
1113 2840 1372 2923 stichometrica,
1405 2861 1512 2928 „quae

381 3005 496 3051 ansam
527 2986 670 3072 praebet
696 2983 739 3051 ad
770 2983 1027 3071 computandum
1051 3006 1224 3050 numerum
1248 2983 1509 3066 versiculorum,

378 3124 437 3214 qui
458 3124 528 3212 suit
550 3125 585 3191 in
609 3125 752 3212 singulis
776 3124 958 3213 aichetypi
979 3125 1144 3212 paginis.''

380 3265 513 3333 Fabula
546 3267 637 3333 Aiax
661 3271 774 3334 antem
798 3271 941 3335 exarata
965 3269 1040 3334 erat
1063 3266 1153 3334 foliis
1180 3268 1220 3333 16
1242 3267 1397 3336 versibus
1422 3267 1513 3333 1044

439 3461 452 3492 „
547 3409 687 3476 Electra
700 3460 1039 3476 .......
1103 3459 1116 3490 „
1178 3409 1219 3474 16
1313 3459 1326 3491 ,,
1422 3408 1511 3474 1040

439 3604 452 3635 ,,
550 3551 697 3640 Oedipus
722 3553 798 3619 Rex
811 3602 1039 3618 .....
1101 3604 1114 3635 „
1178 3550 1218 3617 16
1312 3601 1326 3634 ‚,
1421 3550 1511 3616 1060

440 3745 453 3778 „
546 3692 720 3780 Antigone
760 3743 1041 3760 ......
1103 3744 1116 3775 „
1178 3693 1221 3758 14
1245 3708 1327 3776 Q„
1422 3691 1510 3758 1147

440 3887 453 3919 „
549 3836 754 3903 Trachinins
757 3887 1039 3903 ......
1102 3887 1115 3918 „
1179 3835 1220 3900 14
1313 3887 1326 3918 „
1422 3833 1512 3900 1220

440 4030 453 4061 „
548 3977 753 4045 Philoctetes
757 4029 1040 4046 ......
1102 4030 1115 4063 „
1177 3977 1219 4042 16
1312 4027 1326 4060 ‚,
1422 3975 1510 4042 1405

440 4133 458 4204 „'
548 4120 695 4207 Oedipus
720 4120 932 4187 Colonaeus.
980 4171 987 4186 .
1036 4172 1042 4187 .
1104 4171 1117 4202 „
1177 4120 1220 4184 20
1314 4169 1328 4201 „
1423 4118 1512 4184 1630

427 4259 575 4327 Levibus
622 4259 785 4327 adhibitis
830 4259 1046 4344 coniecturis,
1089 4283 1172 4349 quas
1207 4282 1319 4326 omnes
1354 4263 1511 4347 repetere

381 4401 518 4487 longum
542 4404 610 4483 est,
636 4401 805 4468 concludit
830 4402 882 4470 vir
906 4402 1039 4470 doctus:
1074 4402 1301 4489 „singulos
1332 4402 1510 4468 ordines

382 4546 471 4625 (nam
505 4542 664 4630 paginam
697 4544 932 4629 geminum
968 4545 1138 4611 continere
1172 4567 1330 4613 versuum
1360 4544 1512 4611 ordinem
