3466 5536
936 733 980 799 34

394 933 508 998 tamen
539 930 701 997 correctio
730 930 813 996 mihi
836 929 990 999 venitin
1013 933 1174 1011 mentem,
1198 949 1285 1016 quae
1309 927 1454 994 fortasse
1478 927 1520 992 ab

394 1073 483 1140 omni
527 1077 626 1161 parte
672 1071 852 1139 satisfacit.
895 1070 1028 1160 Ecquid
1068 1070 1204 1159 scripsit
1238 1069 1433 1158 Sophocles:
1468 1066 1521 1132 κν)

394 1219 539 1280 ταῦτα
575 1218 729 1294 Φνμῶν
762 1213 842 1279 οὐδὲν
872 1211 991 1290 ἐξειδὼς
1015 1211 1107 1278 πλέον
1129 1213 1151 1280 i.
1177 1234 1204 1280 e.
1228 1211 1310 1277 οὐδὲν
1331 1209 1424 1276 πλέον
1447 1207 1521 1286 ἕξει-

393 1355 450 1430 lta
473 1359 600 1436 φνμῶν,
624 1360 665 1422 ut
686 1356 843 1440 ultimum
865 1357 1065 1424 vocabulum
1086 1355 1233 1444 pendeat
1257 1356 1300 1421 ab
1324 1351 1453 1429 ἕξενδώς.

385 1523 388 1530 ·
437 1498 564 1565 Notum
605 1497 694 1565 enim
737 1501 790 1565 est
824 1497 914 1586 apud
950 1497 1144 1585 Sophoclem
1178 1497 1284 1565 verba
1318 1495 1452 1563 dicendi
1485 1500 1521 1562 et

394 1641 554 1708 audiendi
585 1641 779 1729 saepissime
802 1665 876 1708 cum
899 1642 987 1708 undo
1010 1640 1167 1728 coniungi
1190 1639 1359 1726 genetivo.
1382 1638 1439 1725 (cf.
1462 1637 1518 1706 Αἰ.

394 1785 476 1869 222,
513 1786 594 1868 318,
630 1786 711 1866 800,
748 1786 833 1851 1236
867 1785 922 1850 El.
959 1785 1040 1869 317,
1073 1784 1154 1867 344,
1180 1784 1282 1865 *565,
1307 1783 1372 1848 675
1397 1780 1518 1848 Traoh.

395 1927 476 2010 351,
500 1927 584 2010 424,
609 1927 692 2011 431,
718 1928 820 1993 *934ε
845 1923 1047 2006 ἕκδνδνχῦεὶς
1064 1929 1121 1990 τῶν
1140 1927 1210 1989 κατ’
1230 1919 1320 1997 νῖκνν,
1341 1924 1379 1991 0.
1394 1923 1430 1990 C.
1446 1925 1518 2007 355,

394 2069 476 2152 662,
508 2069 595 2136 Phil.
626 2070 711 2153 439,
744 2069 773 2136 si
803 2068 904 2137 lectio
937 2091 1036 2152 sana,
1060 2065 1182 2143 νὲνννξίνν
1205 2065 1307 2148 φωτός
1329 2067 1456 2156 pendet
1478 2068 1518 2133 ab

393 2208 582 2290 ἕξερήσνμνν.
617 2211 695 2278 Vid.
730 2211 870 2296 Kriiger
903 2210 962 2277 Gr.
993 2211 1108 2294 1147,
1134 2212 1187 2294 21,
1212 2212 1243 2278 3.
1268 2209 1435 2278 Similiter
1458 2208 1518 2275 Od.

393 2355 466 2437 XI,
493 2355 557 2421 174
581 2354 648 2418 εἰπὲ
672 2353 705 2418 δέ
733 2377 784 2432 μον
809 2353 923 2436 πατρός
945 2378 980 2419 τε
1002 2353 1054 2419 καὶ
1077 2352 1153 2427 virdo
1175 2353 1265 2440 nrt).
1289 2352 1521 2445 Eodcmnmodo

392 2496 454 2564 hoo
484 2498 555 2564 loco
587 2495 705 2572 ἐξενδώς
729 2497 885 2584 iungitur
912 2521 985 2564 cum
1009 2498 1167 2584 genetivo
1190 2501 1311 2577 Φνμῶν,
1335 2501 1375 2564 ut
1398 2495 1519 2563 Traoh.

395 2640 459 2706 399
494 2635 530 2703 ὧν
562 2638 634 2716 sav
669 2638 788 2716 ἐξειδὼς
818 2633 900 2721 κυρῶ.
932 2642 984 2708 De
1009 2641 1180 2708 sententia
1203 2639 1444 2729 comparandus
1469 2642 1523 2706 est

393 2781 492 2848 huius
528 2782 692 2849 dramatis
726 2807 775 2851 vs.
809 2784 871 2865 43,
906 2783 964 2848 ubi
987 2782 1142 2850 sacerdos
1166 2782 1328 2871 Oedipum
1352 2782 1520 2865 hortatur,

393 2928 433 2989 nt
473 2924 605 2990 instans
646 2924 833 3012 periculum
867 2925 1041 3013 propulset
1076 2923 1137 2989 εἴτε
1170 2947 1222 2989 τον
1257 2922 1335 2990 θεῶν
1370 2922 1381 3012 s
1417 2925 1522 3005 Φῆμνν

393 3061 524 3138 duodece
559 3064 614 3130 εἴτ’
651 3067 707 3129 ἀπ’
740 3066 842 3147 ἀνδρὸς
873 3060 964 3131 eloha
994 3089 1055 3131 τον·
1078 3069 1121 3135 cf.
1147 3069 1212 3134 310
1235 3065 1271 3130 σὺ
1293 3071 1340 3131 νῦν
1362 3065 1521 3147 &Scodrae

395 3209 468 3286 μήτ’
494 3210 551 3272 ἀπ’
575 3209 674 3273 οἰωνῶν
698 3208 795 3290 Φνὲτνν
818 3211 891 3288 μήτ’
915 3209 945 3276 εἴ
964 3213 1020 3275 τιν’
1045 3209 1142 3287 ἄλλην
1164 3219 1312 3288 μαντικῆς
1336 3209 1422 3291 ἔχεις
1444 3208 1519 3284 ἴδον,

393 3353 475 3436 395,
501 3354 565 3419 397
590 3353 615 3435 (ὅ
638 3353 732 3432 μηδὲν
756 3353 840 3426 εἰδὼς
862 3353 1034 3438 Οἰδίπους),
1060 3356 1134 3421 398.

436 3494 513 3560 Non
542 3494 670 3562 iniuria
699 3500 880 3584 praeterea
912 3497 1090 3584 Sophocles
1118 3501 1257 3565 vocatus
1280 3495 1519 3577 ὃμνρνκώτντνς,

393 3637 578 3704 identidem
597 3638 790 3724 legentibus
811 3639 999 3706 sententias
1016 3639 1156 3706 Homeri
1167 3638 1203 3704 in
1214 3643 1361 3706 mentem
1372 3642 1518 3722 revocet,

392 3779 556 3868 imprimis
579 3780 616 3847 in
638 3781 773 3865 fabula,
798 3803 885 3869 quae
906 3780 1105 3847 inscribitur
1124 3780 1232 3864 Aiax,
1245 3781 1304 3847 ubi
1316 3804 1344 3848 e.
1358 3805 1391 3868 g.
1404 3782 1518 3863 verba,

393 3923 514 4012 quibus
546 3923 639 3990 Aiax
670 3923 810 3990 filiolum
843 3923 1055 4012 adloquitur,
1079 3923 1246 3991 reducunt
1269 3923 1305 3989 iu
1328 3923 1519 3989 memoriam

391 4065 653 4154 pulcherrimam
684 4088 816 4133 scenam
846 4065 977 4152 (1th
1002 4047 1189 4153 390-494)
1215 4066 1305 4155 apud
1327 4067 1517 4134 Homerum.

392 4207 499 4274 Plura
529 4207 608 4275 vide
640 4208 729 4296 ‘apud
759 4207 881 4274 Nauck
911 4208 947 4273 in
976 4209 1083 4296 praef.
1116 4209 1160 4275 ad
1181 4209 1356 4276 Electram
1378 4233 1434 4298 pg.
1458 4210 1517 4294 21,

394 4351 446 4433 22,
471 4351 523 4428 28,
549 4355 586 4417 et
609 4351 643 4417 J.
667 4351 823 4439 Rappold
846 4351 1029 4437 ,Beitrtige
1049 4375 1110 4416 zur
1129 4352 1301 4419 Kenntnis
1314 4351 1372 4418 des
1387 4351 1519 4419 Gleioh·

392 4492 499 4559 uisses
534 4493 589 4559 bei
624 4493 826 4581 Aischylos,
863 4493 1047 4582 Sophohles
1078 4494 1148 4560 und
1170 4493 1372 4582 Euripides'’
1397 4517 1453 4582 pg.
1477 4494 1519 4561 17
