3466 5536
947 807 989 872 le

401 1001 651 1091 inquisiverinb.
672 1001 715 1068 In
735 1024 806 1069 rem
825 1000 1079 1089 inquisivimus,
1099 1002 1280 1090 respondet
1300 1001 1424 1087 Creon,
1444 1003 1530 1070 nihil

402 1169 483 1213 vero
515 1145 764 1212 conficiebatur.
801 1185 844 1193 -
888 1144 1082 1232 Sequuntur
1117 1144 1238 1231 Oedipi
1279 1148 1399 1228 verba,
1442 1170 1528 1234 quae

403 1309 557 1373 sagacem
587 1286 734 1374 produnt
762 1286 926 1353 animum:
962 1289 1025 1358 πῶς
1056 1279 1102 1350 οὖν
1124 1284 1193 1350 τίδ’
1217 1283 1299 1360 οὗτος
1322 1289 1335 1352 ὁ
1359 1289 1452 1370 σοφὸς
1475 1291 1524 1354 οὐκ

400 1428 477 1506 ηίδοο
511 1428 605 1504 ποίδε;
641 1429 684 1496 ed
718 1451 804 1519 quae
835 1427 944 1495 Oreon
974 1429 1062 1495 nihil
1085 1431 1286 1519 respondere
1309 1436 1422 1520 potest
1443 1433 1528 1500 nisi:

402 1572 452 1636 οὐκ
475 1566 531 1635 οἶδ’
554 1571 618 1637 uri.
644 1608 686 1620 -

447 1713 532 1779 Mihi
554 1712 689 1802 quidem
712 1711 859 1800 Oedipus
885 1735 956 1779 esse
977 1712 1114 1779 videtur
1132 1713 1187 1782 vir
1205 1717 1528 1802 praestantissimus,

402 1857 496 1924 euius
520 1855 667 1923 animum
686 1877 990 1943 sempereeeeus
1021 1862 1207 1943 occupet
1237 1856 1528 1947 horr0r‚neque

401 1999 551 2088 profecto
585 1998 656 2065 sine
690 1997 782 2065 iusta
816 2020 928 2065 eausa.
964 1998 1102 2065 Iuvenis
1137 1999 1226 2064 enim
1260 1999 1409 2088 Delphos
1453 2006 1529 2068 ereb

401 2141 588 2229 profectus,
625 2143 665 2206 ub
699 2139 740 2205 de
773 2139 971 2227 parentibus
1008 2139 1076 2206 suis
1111 2140 1300 2230 inquireret
1334 2143 1528 2228 oraculum3

401 2282 524 2371 Apollo
547 2305 645 2366 vero,
670 2284 709 2347 ut
731 2281 804 2369 ipse
825 2284 947 2348 narret
969 2281 1049 2367 (vss.
1075 2284 1139 2348 788
1163 2285 1263 2371 sqq.):

869 2419 904 2487 dv
927 2421 984 2501 μὲν
1008 2420 1128 2500 ίιιίμην,

580 2564 690 2644 οίπιμον
712 2563 906 2643 ἐξέπεμψεν,
932 2563 1017 2628 ἄλλοι
1040 2564 1220 2651 δ’ίιὲιλιοιί.)

572 2706 630 2800 'nui
654 2706 736 2772 δεινοὶ
758 2705 810 2770 κοιί
834 2704 963 2780 δύστηνοι
986 2704 1142 2786 προνφοίνη
1156 2706 1210 2793 (2)
1235 2707 1347 2785 λέγων,

579 2852 616 2924 ὡς
638 2848 728 2930 μητρί
752 2849 808 2925 μὲν
832 2847 919 2929 χρείη
944 2873 986 2925 με
1006 2848 1189 2929 μειχθῆναι,
1212 2850 1296 2927 γένος
1316 2851 1343 2914 δ’

578 2990 707 3067 οίπληπον
731 2989 912 3071 ἀνθρώποισι
935 2990 1095 3070 δηλώσαιμ’
1120 2993 1205 3073 ὄροῖν,

578 3134 685 3215 Φινεὺς
709 3133 857 3211 δ’ἑσοίμην
880 3138 931 3198 τοῦ
955 3133 1162 3215 φνπειίποιντος
1186 3134 1309 3218 ποοπρίς.

444 3280 592 3346 Adierat
610 3277 821 3367 Apollinem,
841 3281 881 3344 ut
901 3278 941 3344 de
960 3279 1158 3366 perentibus
1178 3279 1302 3346 oerbior
1323 3280 1436 3347 fieret:
1457 3280 1528 3347 'tole

402 3423 535 3492 audivit
558 3445 762 3511 responsum.
784 3421 861 3487 Non
882 3420 1031 3508 profecto
1059 3424 1111 3488 esi
1140 3422 1329 3488 mirandum
1354 3422 1527 3511 Oedipum,

401 3567 509 3656 speeie
542 3565 811 3655 potentissimum
840 3564 1135 3652 felicissimumque
1172 3564 1363 3631 Thebarum
1394 3587 1525 3651 regem,

400 3733 437 3776 re
468 3731 552 3778 vera
586 3708 650 3774 sibi
685 3707 908 3773 miserrimum
943 3706 1053 3775 videri
1087 3729 1281 3796 semperque
1316 3705 1527 3774 oraculorum

399 3851 612 3919 horribilium
645 3853 841 3936 exspectare
877 3852 1043 3917 eventum.
1078 3848 1173 3915 Haec
1204 3870 1287 3915 vere
1319 3852 1371 3915 est
1394 3848 1529 3934 tragice

399 3993 525 4061 ironia:
550 3992 700 4058 omnibus
726 3994 778 4058 esi
800 4013 941 4078 mugnus
965 3992 1165 4079 imperator,
1191 3991 1256 4056 sibi
1276 3991 1414 4059 videtur
1434 3991 1528 4057 homo

400 4135 604 4218 imbecillus,
628 4134 683 4200 oui
706 4157 836 4221 semper
858 4134 1026 4200 horrende
1049 4133 1201 4200 imminet
1221 4157 1308 4201 sors:
1331 4133 1378 4200 sic
1398 4133 1529 4200 demum

399 4279 508 4361 loeus,
531 4277 589 4342 ubi
613 4276 760 4365 Oedipus
780 4277 822 4342 ab
845 4275 918 4363 ipso
943 4279 1083 4344 voeabur
1105 4275 1117 4340 ί
1142 4277 1219 4339 ποῖοι
1239 4275 1352 4348 κλεινὸς
1371 4274 1526 4348 Οἰδίπους,

400 4420 494 4487 nobis
518 4419 559 4486 fit
581 4420 692 4486 elarus
714 4418 796 4505 (vid.
820 4418 912 4484 infra
936 4415 1115 4504 Append.),
1140 4417 1188 4485 sie
1212 4418 1344 4484 demum
1366 4418 1529 4486 voeabula

400 4564 413 4627 ὃ
438 4563 532 4641 μηδὲν
555 4561 638 4634 εἰδὼς
657 4560 817 4633 Οἰδίπους,
844 4560 1046 4648 praesertim
1067 4564 1180 4626 autem
1199 4561 1375 4627 notissima
1394 4560 1458 4628 illu
1476 4558 1528 4624 κοί
