3466 5536
957 809 1000 874 64

412 1005 506 1072 delet
529 1030 561 1075 v.
584 1004 810 1089 Herwerdcn;
831 1005 975 1072 fortasse
995 1029 1055 1093 pro
1073 1003 1299 1082 ἔυυποιξοὶμεοος
1318 1006 1356 1077 ὡς
1369 1004 1553 1092 rescripsit

411 1149 574 1215 librarius
594 1147 818 1226 ξυντοὲοὲμευος
840 1147 930 1236 [κοιλ]
949 1151 1004 1222 ὡς,
1028 1149 1245 1238 transpositis
1267 1171 1348 1216 vero
1371 1147 1550 1216 vocabulis

412 1289 636 1370 ξυυπυξοὲμενος
672 1295 707 1358 et
741 1295 794 1356 κου’
828 1293 1030 1360 nascebatur
1052 1290 1153 1358 lectio
1176 1288 1229 1354 xci
1251 1287 1476 1368 ἓυυποξοὶμευος
1494 1291 1549 1361 ὥς.

456 1433 674 1516 VIII-15,
701 1432 718 1499 1
751 1431 924 1509 ἐκπλήξεως
952 1431 1023 1520 [κου’
1030 1433 1051 1520 ]
1088 1433 1222 1500 certius
1247 1433 1448 1521 exemplum:
1472 1431 1549 1522 κου’,

411 1576 499 1664 quod
533 1575 663 1644 delevit
696 1600 729 1645 v.
754 1575 964 1643 Herwerden
998 1579 1109 1642 ortum
1144 1579 1196 1642 est
1226 1599 1268 1642 ex
1298 1575 1366 1641 fine
1389 1574 1550 1644 vocabuli

411 1717 647 1807 praecedentis
671 1715 854 1794 ἐκπλήξεως.

457 1845 677 1944 VIII-76,
710 1863 730 1926 5
761 1856 837 1923 ὥστε
869 1858 952 1924 οούποὶ
983 1858 1037 1923 κου’
1060 1859 1093 1926 Α
1116 1859 1146 1926 Ε
1169 1860 1197 1925 F
1222 1859 1262 1926 G.
1287 1858 1363 1924 ὥστε
1387 1859 1439 1923 uxi
1458 1858 1549 1924 αὐτοὶ

410 2003 465 2066 κου’
487 2003 531 2086 Μ,
555 2003 614 2068 ubi
636 2002 730 2091 prius
753 2001 807 2066 κου’
828 2006 946 2070 netum
969 2007 1022 2068 ost
1046 2027 1087 2070 cx
1110 2025 1309 2090 praegresso
1333 2000 1421 2066 ὥστε.

456 2146 674 2229 VIII-87,
700 2147 720 2211 3
754 2143 806 2208 xxi
836 2144 896 2226 γὰρ
926 2141 963 2217 ὦς
988 2145 1088 2217 αὐτοῖς
1111 2145 1191 2208 οὐδὲν
1216 2143 1330 2222 ἔμελλε
1354 2142 1542 2226 χρήοεοθκο.

412 2288 557 2356 Arridet
579 2289 751 2376 Kruegeri
775 2289 969 2356 coniectura
995 2287 1082 2376 [καὶ]
1108 2285 1154 2363 ὥς.

455 2433 628 2499 Postremo
670 2455 777 2520 nuper
819 2432 1046 2520 exemplorum
1086 2454 1262 2498 numerum
1306 2431 1402 2498 auxit
1437 2431 1464 2498 I.
1507 2456 1543 2499 v.

412 2573 581 2643 Leeirwen
605 2575 740 2662 (Mnem.
765 2575 806 2641 N.
823 2574 856 2641 S.
881 2573 981 2640 XXV
1005 2574 1140 2661 parsI).
1165 2573 1311 2661 Legitur
1331 2574 1419 2640 enim
1439 2574 1546 2643 Thuc.

416 2717 523 2785 VI-
542 2719 601 2800 36,
639 2718 656 2783 1
692 2715 760 2790 ποὺς
794 2717 850 2794 μὲν
885 2714 1066 2790 Ἀθυυοιίους
1100 2713 1181 2788 ἵππος
1215 2717 1259 2793 μὴ
1293 2715 1440 2793 βούλεποοο
1471 2712 1545 2780 οὕτω

416 2865 514 2933 κοοκῶς
538 2865 682 2942 Φρουῆοοοο
705 2859 770 2924 καὶ
795 2859 982 2940 ὑποχειρίους
1002 2860 1073 2935 ἡμῖν
1092 2858 1238 2935 γευὲοθου
1260 2858 1371 2924 ἐνθάδε
1384 2857 1546 2931 ἐλθόντος,

416 3003 432 3076 ἢ
458 3001 553 3075 δειλός
585 3003 666 3066 ἕοπου
696 3001 712 3076 ἢ
743 3011 780 3083 τῇ
812 3000 900 3065 πόλει
930 3002 979 3064 οὐκ
1004 3000 1109 3074 εὕυους·
1146 3002 1274 3090 Lepide
1297 3003 1351 3070 vir
1375 3004 1460 3070 doct.
1484 3027 1547 3090 pro

416 3144 492 3208 κοιί
519 3144 607 3230 legit
632 3143 714 3232 [ὡς]
746 3143 829 3210 uxi:
858 3144 906 3229 „si
930 3144 1005 3232 quis
1029 3166 1094 3208 non
1118 3149 1234 3232 sperat
1253 3167 1325 3211 eom
1346 3169 1417 3212 esse
1438 3145 1547 3213 Athe·

415 3288 582 3354 niensium
624 3287 827 3353 dementiam
867 3291 908 3353 ut
948 3288 1039 3354 ultro
1082 3309 1116 3354 se
1158 3286 1253 3353 nobis
1288 3289 1449 3371 offerant,
1485 3292 1547 3354 aut

416 3430 561 3517 ignavus
585 3433 637 3498 est
660 3429 744 3497 civis
769 3432 831 3496 aut
853 3429 1056 3516 improbus.”

460 3570 576 3638 Etiam
610 3571 693 3638 aiibi
726 3571 824 3636 huius
856 3570 1057 3638 confusionis
1089 3570 1238 3656 vestigia
1268 3572 1377 3639 muita
1408 3576 1547 3640 exstant

418 3737 445 3782 e.
468 3739 501 3800 g.
525 3711 671 3783 Aristot.
707 3713 787 3780 Eth.
811 3713 939 3780 Nicom.
964 3712 1014 3779 VI
1029 3751 1069 3759 —
1085 3715 1122 3795 7,
1148 3715 1184 3796 3,
1209 3713 1285 3798 ubi,
1310 3718 1399 3782 teste
1424 3715 1451 3782 I.
1475 3716 1547 3800 By-

416 3861 562 3941 Watero,
587 3861 666 3923 ante
689 3853 787 3936 ὥσπερ
812 3854 889 3922 add.
913 3853 983 3918 κοιί
1005 3851 1050 3919 Lb
1074 3863 1106 3918 Γ.

462 3999 545 4080 Sed,
585 4003 625 4066 ut
656 4002 814 4068 revertar
850 3997 893 4064 ad
928 3997 1141 4085 Sophoclem,
1176 3999 1397 4067 Helbertsma
1432 4000 1547 4066 eodem

416 4141 511 4208 modo
535 4142 870 4242 corrigere-conatur
893 4140 994 4206 huius
1017 4140 1155 4206 fabulae
1178 4165 1227 4208 vs.
1254 4142 1357 4207 1486:
1381 4139 1446 4206 κοοὶ
1477 4142 1546 4222 σφὼ

418 4283 540 4365 δακρύω·
565 4283 770 4364 προσβλέπειν
803 4283 863 4364 γὰρ
886 4283 916 4347 οὐ
940 4281 1045 4347 σθένω·
1069 4283 1127 4348 ubi
1150 4307 1210 4370 pro
1234 4283 1303 4348 xxi
1332 4283 1474 4351 coniecit
1496 4285 1543 4356 ὡς.

462 4425 516 4492 El.
543 4425 627 4490 1481
651 4423 718 4488 κοοὶ
750 4423 861 4501 poium
892 4423 927 4487 ὢν
959 4423 1079 4505 ἄριστος
1104 4421 1264 4504 ἐοφοὶλλου
1288 4423 1408 4500 πυέλους
1433 4426 1548 4493 Verba

418 4573 496 4636 sunt
532 4567 673 4634 Orestis.
713 4566 821 4634 Multo
857 4591 936 4636 vero
972 4567 1125 4634 acerbius
1160 4567 1270 4634 iratus
1305 4568 1414 4655 patris
1455 4569 1548 4634 ultor
