<?xml version="1.0" encoding="UTF-8"?>
<!DOCTYPE html PUBLIC "-//W3C//DTD XHTML 1.0 Transitional//EN"
    "http://www.w3.org/TR/xhtml1/DTD/xhtml1-transitional.dtd">
<html xmlns="http://www.w3.org/1999/xhtml" xml:lang="en" lang="en">
 <head>
  <title>
</title>
<meta http-equiv="Content-Type" content="text/html;charset=utf-8" />
  <meta name='ocr-system' content='tesseract 3.04.00' />
  <meta name='ocr-capabilities' content='ocr_page ocr_carea ocr_par ocr_line ocrx_word'/>
</head>
<body>
  <div class='ocr_page' id='page_1' title='image "./studiapraeserti00groegoog_0062.png"; bbox 0 0 3466 5536; ppageno 0'>
   <div class='ocr_carea' id='block_1_1' title="bbox 726 845 767 914">
    <p class='ocr_par' dir='ltr' id='par_1_1' title="bbox 726 845 767 914">
     <span class='ocr_line' id='line_1_1' title="bbox 726 845 767 914; baseline -0.024 0"><span class='ocrx_word' id='word_1_1' title='bbox 726 845 767 914; x_wconf 81' lang='lat'><strong>51</strong></span> 
     </span>
    </p>
   </div>
   <div class='ocr_carea' id='block_1_2' title="bbox 131 1042 1315 1988">
    <p class='ocr_par' dir='ltr' id='par_1_2' title="bbox 338 1042 1007 1141">
     <span class='ocr_line' id='line_1_2' title="bbox 338 1042 1007 1141; baseline 0 -35"><span class='ocrx_word' id='word_1_2' title='bbox 338 1042 392 1125; x_wconf 67' lang='grc' dir='ltr'><strong>λύῃ</strong></span> <span class='ocrx_word' id='word_1_3' title='bbox 416 1047 577 1141; x_wconf 61' lang='grc' dir='ltr'><strong>φρονοῦντιΓ</strong></span> <span class='ocrx_word' id='word_1_4' title='bbox 600 1047 703 1108; x_wconf 70' lang='grc' dir='ltr'><em>ταῦτα</em></span> <span class='ocrx_word' id='word_1_5' title='bbox 725 1044 801 1124; x_wconf 71' lang='grc' dir='ltr'><strong>γὰρ</strong></span> <span class='ocrx_word' id='word_1_6' title='bbox 823 1047 925 1116; x_wconf 61' lang='grc' dir='ltr'><strong><em>καλῶς</em></strong></span> <span class='ocrx_word' id='word_1_7' title='bbox 948 1044 1007 1120; x_wconf 67' lang='grc' dir='ltr'><strong>ἐγὼ</strong></span> 
     </span>
    </p>

    <p class='ocr_par' dir='ltr' id='par_1_3' title="bbox 131 1183 1315 1988">
     <span class='ocr_line' id='line_1_3' title="bbox 339 1183 1009 1266; baseline 0 -18"><span class='ocrx_word' id='word_1_8' title='bbox 339 1185 422 1258; x_wconf 77' lang='grc' dir='ltr'>εἰδὼς</span> <span class='ocrx_word' id='word_1_9' title='bbox 446 1185 574 1250; x_wconf 77' lang='grc' dir='ltr'><strong>διώλεσ’·</strong></span> <span class='ocrx_word' id='word_1_10' title='bbox 599 1187 630 1250; x_wconf 81' lang='grc' dir='ltr'><strong>οὐ</strong></span> <span class='ocrx_word' id='word_1_11' title='bbox 652 1185 713 1266; x_wconf 71' lang='grc' dir='ltr'><strong>γὰρ</strong></span> <span class='ocrx_word' id='word_1_12' title='bbox 737 1184 774 1249; x_wconf 74' lang='grc' dir='ltr'><strong>ἂν</strong></span> <span class='ocrx_word' id='word_1_13' title='bbox 796 1185 873 1266; x_wconf 76' lang='grc' dir='ltr'>δεῦρ’</span> <span class='ocrx_word' id='word_1_14' title='bbox 898 1183 1009 1262; x_wconf 70' lang='grc' dir='ltr'><em>ἱκόμην.</em></span> 
     </span>
     <span class='ocr_line' id='line_1_4' title="bbox 228 1305 1312 1416; baseline 0.006 -26"><span class='ocrx_word' id='word_1_15' title='bbox 228 1327 345 1391; x_wconf 56' lang='lat' dir='ltr'><strong>uum</strong></span> <span class='ocrx_word' id='word_1_16' title='bbox 378 1329 412 1396; x_wconf 87' lang='lat' dir='ltr'><strong>h.</strong></span> <span class='ocrx_word' id='word_1_17' title='bbox 435 1329 459 1395; x_wconf 89' lang='lat'><strong>1.</strong></span> <span class='ocrx_word' id='word_1_18' title='bbox 496 1305 667 1416; x_wconf 64' lang='lat' dir='ltr'><strong>significet</strong></span> <span class='ocrx_word' id='word_1_19' title='bbox 696 1327 912 1407; x_wconf 55' lang='lat' dir='ltr'><strong>gnaeum,</strong></span> <span class='ocrx_word' id='word_1_20' title='bbox 943 1332 984 1395; x_wconf 71' lang='lat' dir='ltr'><strong>ut</strong></span> <span class='ocrx_word' id='word_1_21' title='bbox 1007 1329 1109 1409; x_wconf 60' lang='grc' dir='ltr'><em>σῴζειν</em></span> <span class='ocrx_word' id='word_1_22' title='bbox 1136 1330 1312 1414; x_wconf 72' lang='lat' dir='ltr'><strong>„memoria</strong></span> 
     </span>
     <span class='ocr_line' id='line_1_5' title="bbox 182 1471 1313 1560; baseline 0 -24"><span class='ocrx_word' id='word_1_23' title='bbox 182 1472 322 1536; x_wconf 86' lang='lat' dir='ltr'><strong>tenere’&#39;</strong></span> <span class='ocrx_word' id='word_1_24' title='bbox 347 1471 399 1557; x_wconf 83' lang='grc' dir='ltr'><strong>(Ο.</strong></span> <span class='ocrx_word' id='word_1_25' title='bbox 424 1471 461 1538; x_wconf 84' lang='lat' dir='ltr'><strong>C.</strong></span> <span class='ocrx_word' id='word_1_26' title='bbox 487 1473 595 1555; x_wconf 82' lang='lat'>1530),</span> <span class='ocrx_word' id='word_1_27' title='bbox 626 1472 715 1560; x_wconf 84' lang='lat' dir='ltr'><strong>quod</strong></span> <span class='ocrx_word' id='word_1_28' title='bbox 738 1476 817 1560; x_wconf 84' lang='lat' dir='ltr'><strong>apte</strong></span> <span class='ocrx_word' id='word_1_29' title='bbox 841 1473 944 1538; x_wconf 79' lang='lat' dir='ltr'><strong>affert</strong></span> <span class='ocrx_word' id='word_1_30' title='bbox 966 1471 1097 1538; x_wconf 80' lang='lat' dir='ltr'><strong>Nauck.</strong></span> <span class='ocrx_word' id='word_1_31' title='bbox 1133 1472 1313 1538; x_wconf 76' lang='lat' dir='ltr'><strong>Molestum</strong></span> 
     </span>
     <span class='ocr_line' id='line_1_6' title="bbox 184 1614 1310 1703; baseline 0.002 -25"><span class='ocrx_word' id='word_1_32' title='bbox 184 1618 237 1680; x_wconf 87' lang='lat' dir='ltr'><strong>est</strong></span> <span class='ocrx_word' id='word_1_33' title='bbox 260 1614 460 1682; x_wconf 83' lang='lat' dir='ltr'><strong>vocabulum</strong></span> <span class='ocrx_word' id='word_1_34' title='bbox 488 1615 571 1695; x_wconf 72' lang='grc' dir='ltr'><strong>γὰρ</strong></span> <span class='ocrx_word' id='word_1_35' title='bbox 602 1640 651 1684; x_wconf 83' lang='lat' dir='ltr'><strong>VS.</strong></span> <span class='ocrx_word' id='word_1_36' title='bbox 676 1617 751 1698; x_wconf 84' lang='lat'>317,</span> <span class='ocrx_word' id='word_1_37' title='bbox 775 1615 863 1703; x_wconf 90' lang='lat' dir='ltr'><strong>quod</strong></span> <span class='ocrx_word' id='word_1_38' title='bbox 883 1614 1052 1702; x_wconf 83' lang='lat' dir='ltr'><strong>explicare</strong></span> <span class='ocrx_word' id='word_1_39' title='bbox 1075 1637 1141 1680; x_wconf 90' lang='lat' dir='ltr'><strong>non</strong></span> <span class='ocrx_word' id='word_1_40' title='bbox 1163 1637 1310 1702; x_wconf 87' lang='lat' dir='ltr'><strong>possum:</strong></span> 
     </span>
     <span class='ocr_line' id='line_1_7' title="bbox 186 1756 1315 1844; baseline 0.001 -22"><span class='ocrx_word' id='word_1_41' title='bbox 186 1757 313 1822; x_wconf 83' lang='lat' dir='ltr'><strong>clarius</strong></span> <span class='ocrx_word' id='word_1_42' title='bbox 336 1757 515 1844; x_wconf 84' lang='lat' dir='ltr'><strong>Sophocles</strong></span> <span class='ocrx_word' id='word_1_43' title='bbox 539 1757 682 1824; x_wconf 82' lang='lat' dir='ltr'><strong>dixisset</strong></span> <span class='ocrx_word' id='word_1_44' title='bbox 705 1756 761 1837; x_wconf 78' lang='grc' dir='ltr'><strong>πέρ</strong></span> <span class='ocrx_word' id='word_1_45' title='bbox 785 1787 827 1811; x_wconf 87' lang='grc'><strong>--</strong></span> <span class='ocrx_word' id='word_1_46' title='bbox 849 1756 960 1837; x_wconf 72' lang='grc' dir='ltr'><em>καίπερ</em></span> <span class='ocrx_word' id='word_1_47' title='bbox 982 1760 1023 1822; x_wconf 90' lang='lat' dir='ltr'><strong>ut</strong></span> <span class='ocrx_word' id='word_1_48' title='bbox 1041 1757 1147 1824; x_wconf 79' lang='lat' dir='ltr'><strong>verba</strong></span> <span class='ocrx_word' id='word_1_49' title='bbox 1159 1757 1315 1824; x_wconf 80' lang='lat' dir='ltr'><strong>Tiresiae</strong></span> 
     </span>
     <span class='ocr_line' id='line_1_8' title="bbox 131 1898 1312 1988; baseline 0.002 -26"><span class='ocrx_word' id='word_1_50' title='bbox 131 1958 134 1962; x_wconf 84' lang='lat'>.</span> <span class='ocrx_word' id='word_1_51' title='bbox 183 1899 352 1968; x_wconf 82' lang='lat' dir='ltr'><strong>vertenda</strong></span> <span class='ocrx_word' id='word_1_52' title='bbox 393 1899 479 1966; x_wconf 87' lang='lat' dir='ltr'><strong>siut:</strong></span> <span class='ocrx_word' id='word_1_53' title='bbox 526 1922 803 1988; x_wconf 84' lang='lat' dir='ltr'><strong>quamquam</strong></span> <span class='ocrx_word' id='word_1_54' title='bbox 840 1898 887 1964; x_wconf 89' lang='lat' dir='ltr'><strong>id</strong></span> <span class='ocrx_word' id='word_1_55' title='bbox 920 1901 1038 1965; x_wconf 91' lang='lat' dir='ltr'><strong>bene</strong></span> <span class='ocrx_word' id='word_1_56' title='bbox 1072 1921 1312 1982; x_wconf 84' lang='lat' dir='ltr'><strong>noveram,</strong></span> 
     </span>
    </p>
   </div>
   <div class='ocr_carea' id='block_1_3' title="bbox 184 2039 1314 2128">
    <p class='ocr_par' dir='ltr' id='par_1_4' title="bbox 184 2039 1314 2128">
     <span class='ocr_line' id='line_1_9' title="bbox 184 2039 1314 2128; baseline -0.002 -22"><span class='ocrx_word' id='word_1_57' title='bbox 184 2044 344 2107; x_wconf 87' lang='lat' dir='ltr'><strong>tamen</strong></span> <span class='ocrx_word' id='word_1_58' title='bbox 378 2039 570 2108; x_wconf 86' lang='lat' dir='ltr'><strong>oblitus</strong></span> <span class='ocrx_word' id='word_1_59' title='bbox 606 2065 709 2108; x_wconf 89' lang='lat' dir='ltr'><strong>sum.</strong></span> <span class='ocrx_word' id='word_1_60' title='bbox 744 2041 845 2106; x_wconf 86' lang='lat' dir='ltr'><strong>Hune</strong></span> <span class='ocrx_word' id='word_1_61' title='bbox 875 2063 1009 2106; x_wconf 88' lang='lat' dir='ltr'><strong>sensum</strong></span> <span class='ocrx_word' id='word_1_62' title='bbox 1039 2039 1168 2128; x_wconf 86' lang='lat' dir='ltr'>requiri</span> <span class='ocrx_word' id='word_1_63' title='bbox 1191 2040 1314 2127; x_wconf 89' lang='lat' dir='ltr'><strong>optime</strong></span> 
     </span>
    </p>
   </div>
   <div class='ocr_carea' id='block_1_4' title="bbox 184 2175 1421 2271">
    <p class='ocr_par' dir='ltr' id='par_1_5' title="bbox 184 2175 1421 2271">
     <span class='ocr_line' id='line_1_10' title="bbox 184 2175 1421 2271; baseline -0.001 -22"><span class='ocrx_word' id='word_1_64' title='bbox 184 2187 282 2271; x_wconf 85' lang='lat' dir='ltr'><strong>patet</strong></span> <span class='ocrx_word' id='word_1_65' title='bbox 305 2207 347 2249; x_wconf 82' lang='lat' dir='ltr'><strong>ex</strong></span> <span class='ocrx_word' id='word_1_66' title='bbox 369 2183 597 2252; x_wconf 85' lang='lat' dir='ltr'>versionibus:</span> <span class='ocrx_word' id='word_1_67' title='bbox 629 2209 661 2252; x_wconf 91' lang='lat' dir='ltr'><strong>v.</strong></span> <span class='ocrx_word' id='word_1_68' title='bbox 684 2183 912 2251; x_wconf 87' lang='lat' dir='ltr'><strong>Herwerdeu:</strong></span> <span class='ocrx_word' id='word_1_69' title='bbox 937 2182 1003 2250; x_wconf 90' lang='lat' dir='ltr'><strong>we]</strong></span> <span class='ocrx_word' id='word_1_70' title='bbox 1026 2182 1106 2249; x_wconf 89' lang='lat' dir='ltr'><strong>wist</strong></span> <span class='ocrx_word' id='word_1_71' title='bbox 1129 2181 1166 2246; x_wconf 84' lang='lat' dir='ltr'><strong>ik</strong></span> <span class='ocrx_word' id='word_1_72' title='bbox 1189 2182 1250 2248; x_wconf 78' lang='lat' dir='ltr'><strong>det</strong></span> <span class='ocrx_word' id='word_1_73' title='bbox 1273 2206 1315 2248; x_wconf 92' lang='lat' dir='ltr'><strong>en</strong></span> <span class='ocrx_word' id='word_1_74' title='bbox 1418 2175 1421 2180; x_wconf 44' lang='lat'>¹</span> 
     </span>
    </p>
   </div>
   <div class='ocr_carea' id='block_1_5' title="bbox 186 2323 1323 3415">
    <p class='ocr_par' dir='ltr' id='par_1_6' title="bbox 186 2323 1318 2985">
     <span class='ocr_line' id='line_1_11' title="bbox 186 2323 1316 2412; baseline -0.002 -21"><span class='ocrx_word' id='word_1_75' title='bbox 186 2326 287 2392; x_wconf 86' lang='lat' dir='ltr'><strong>toeh</strong></span> <span class='ocrx_word' id='word_1_76' title='bbox 318 2325 329 2412; x_wconf 74' lang='lat' dir='ltr'><strong><em>s</em></strong></span> <span class='ocrx_word' id='word_1_77' title='bbox 359 2323 484 2412; x_wconf 72' lang='lat' dir='ltr'><strong>uergat</strong></span> <span class='ocrx_word' id='word_1_78' title='bbox 514 2326 552 2391; x_wconf 87' lang='lat' dir='ltr'><strong>ik</strong></span> <span class='ocrx_word' id='word_1_79' title='bbox 577 2326 612 2392; x_wconf 87' lang='lat' dir='ltr'><strong>’t.</strong></span> <span class='ocrx_word' id='word_1_80' title='bbox 643 2325 667 2392; x_wconf 88' lang='lat' dir='ltr'>J</span> <span class='ocrx_word' id='word_1_81' title='bbox 670 2327 732 2392; x_wconf 88' lang='lat' dir='ltr'><strong>ebb</strong></span> <span class='ocrx_word' id='word_1_82' title='bbox 755 2326 864 2392; x_wconf 80' lang='lat' dir='ltr'><strong>locum</strong></span> <span class='ocrx_word' id='word_1_83' title='bbox 888 2325 936 2391; x_wconf 87' lang='lat' dir='ltr'><strong>sie</strong></span> <span class='ocrx_word' id='word_1_84' title='bbox 959 2325 1123 2412; x_wconf 84' lang='lat' dir='ltr'><strong>explicat:</strong></span> <span class='ocrx_word' id='word_1_85' title='bbox 1148 2325 1253 2391; x_wconf 89' lang='lat' dir='ltr'><strong>thou</strong></span> <span class='ocrx_word' id='word_1_86' title='bbox 1260 2325 1316 2411; x_wconf 83' lang='lat' dir='ltr'><strong>gh</strong></span> 
     </span>
     <span class='ocr_line' id='line_1_12' title="bbox 186 2467 1316 2565; baseline 0.001 -32"><span class='ocrx_word' id='word_1_87' title='bbox 186 2469 205 2533; x_wconf 94' lang='lat' dir='ltr'>I</span> <span class='ocrx_word' id='word_1_88' title='bbox 228 2491 308 2534; x_wconf 86' lang='lat' dir='ltr'><strong>once</strong></span> <span class='ocrx_word' id='word_1_89' title='bbox 330 2468 431 2537; x_wconf 86' lang='lat' dir='ltr'><strong>knew</strong></span> <span class='ocrx_word' id='word_1_90' title='bbox 453 2469 500 2565; x_wconf 68' lang='lat' dir='ltr'><strong>tt,</strong></span> <span class='ocrx_word' id='word_1_91' title='bbox 530 2469 550 2533; x_wconf 94' lang='lat' dir='ltr'>I</span> <span class='ocrx_word' id='word_1_92' title='bbox 576 2467 646 2534; x_wconf 77' lang='lat' dir='ltr'><strong>had</strong></span> <span class='ocrx_word' id='word_1_93' title='bbox 670 2467 726 2554; x_wconf 70' lang='lat' dir='ltr'><strong>(t)</strong></span> <span class='ocrx_word' id='word_1_94' title='bbox 750 2468 922 2554; x_wconf 84' lang='lat' dir='ltr'><strong>forgotten</strong></span> <span class='ocrx_word' id='word_1_95' title='bbox 943 2467 983 2533; x_wconf 89' lang='lat' dir='ltr'><strong>it.</strong></span> <span class='ocrx_word' id='word_1_96' title='bbox 1018 2467 1173 2553; x_wconf 87' lang='lat' dir='ltr'><strong>Keyser:</strong></span> <span class='ocrx_word' id='word_1_97' title='bbox 1208 2469 1316 2534; x_wconf 83' lang='lat' dir='ltr'><strong>Detta</strong></span> 
     </span>
     <span class='ocr_line' id='line_1_13' title="bbox 186 2610 1316 2698; baseline 0 -22"><span class='ocrx_word' id='word_1_98' title='bbox 186 2634 254 2697; x_wconf 86' lang='lat' dir='ltr'><strong>nog</strong></span> <span class='ocrx_word' id='word_1_99' title='bbox 273 2611 336 2698; x_wconf 83' lang='lat' dir='ltr'><strong>jag</strong></span> <span class='ocrx_word' id='word_1_100' title='bbox 357 2614 455 2679; x_wconf 85' lang='lat' dir='ltr'><strong>vetat</strong></span> <span class='ocrx_word' id='word_1_101' title='bbox 477 2612 545 2695; x_wconf 66' lang='lat' dir='ltr'><strong>vel,</strong></span> <span class='ocrx_word' id='word_1_102' title='bbox 571 2610 582 2698; x_wconf 68' lang='lat' dir='ltr'><em>l</em></span> <span class='ocrx_word' id='word_1_103' title='bbox 606 2611 708 2678; x_wconf 90' lang='lat' dir='ltr'><strong>Men</strong></span> <span class='ocrx_word' id='word_1_104' title='bbox 730 2611 838 2696; x_wconf 73' lang='lat' dir='ltr'><strong>glumt</strong></span> <span class='ocrx_word' id='word_1_105' title='bbox 861 2610 930 2677; x_wconf 85' lang='lat' dir='ltr'><strong>det.</strong></span> <span class='ocrx_word' id='word_1_106' title='bbox 954 2611 1035 2676; x_wconf 87' lang='lat' dir='ltr'><strong>Iure</strong></span> <span class='ocrx_word' id='word_1_107' title='bbox 1058 2614 1225 2698; x_wconf 85' lang='lat' dir='ltr'><strong>postremo</strong></span> <span class='ocrx_word' id='word_1_108' title='bbox 1248 2611 1316 2676; x_wconf 82' lang='lat' dir='ltr'><strong>ium</strong></span> 
     </span>
     <span class='ocr_line' id='line_1_14' title="bbox 186 2754 1318 2834; baseline -0.003 -12"><span class='ocrx_word' id='word_1_109' title='bbox 186 2755 341 2822; x_wconf 87' lang='lat' dir='ltr'><strong>Wunder</strong></span> <span class='ocrx_word' id='word_1_110' title='bbox 363 2754 481 2819; x_wconf 76' lang='grc' dir='ltr'><em>διώλεσ’</em></span> <span class='ocrx_word' id='word_1_111' title='bbox 506 2755 630 2824; x_wconf 84' lang='lat' dir='ltr'><strong>vertit:</strong></span> <span class='ocrx_word' id='word_1_112' title='bbox 654 2759 797 2821; x_wconf 83' lang='lat' dir='ltr'><strong>tamen</strong></span> <span class='ocrx_word' id='word_1_113' title='bbox 820 2755 944 2821; x_wconf 87' lang='lat' dir='ltr'><strong>oblitus</strong></span> <span class='ocrx_word' id='word_1_114' title='bbox 969 2778 1051 2820; x_wconf 90' lang='lat' dir='ltr'><strong>sum.</strong></span> <span class='ocrx_word' id='word_1_115' title='bbox 1071 2754 1171 2820; x_wconf 85' lang='lat' dir='ltr'><strong>Prius</strong></span> <span class='ocrx_word' id='word_1_116' title='bbox 1195 2755 1255 2834; x_wconf 71' lang='grc' dir='ltr'><strong>γὰρ</strong></span> <span class='ocrx_word' id='word_1_117' title='bbox 1276 2779 1318 2821; x_wconf 82' lang='lat' dir='ltr'><strong>ex</strong></span> 
     </span>
     <span class='ocr_line' id='line_1_15' title="bbox 188 2885 797 2985; baseline 0 -22"><span class='ocrx_word' id='word_1_118' title='bbox 188 2885 342 2985; x_wconf 83' lang='lat' dir='ltr'><strong>sequenti</strong></span> <span class='ocrx_word' id='word_1_119' title='bbox 366 2896 428 2983; x_wconf 77' lang='lat' dir='ltr'><strong>(vs,</strong></span> <span class='ocrx_word' id='word_1_120' title='bbox 453 2898 531 2983; x_wconf 84' lang='lat'>118)</span> <span class='ocrx_word' id='word_1_121' title='bbox 558 2896 653 2964; x_wconf 83' lang='lat' dir='ltr'><strong>nasei</strong></span> <span class='ocrx_word' id='word_1_122' title='bbox 674 2897 797 2985; x_wconf 89' lang='lat' dir='ltr'><strong>potuit.</strong></span> 
     </span>
    </p>

    <p class='ocr_par' dir='ltr' id='par_1_7' title="bbox 186 3038 1323 3264">
     <span class='ocr_line' id='line_1_16' title="bbox 232 3038 1323 3127; baseline 0.003 -24"><span class='ocrx_word' id='word_1_123' title='bbox 232 3039 288 3121; x_wconf 82' lang='grc' dir='ltr'><strong>πέρ</strong></span> <span class='ocrx_word' id='word_1_124' title='bbox 320 3040 515 3126; x_wconf 86' lang='lat' dir='ltr'><strong>significans</strong></span> <span class='ocrx_word' id='word_1_125' title='bbox 546 3039 657 3120; x_wconf 74' lang='grc' dir='ltr'><em>καίπερ</em></span> <span class='ocrx_word' id='word_1_126' title='bbox 689 3039 778 3127; x_wconf 84' lang='lat' dir='ltr'><strong>apud</strong></span> <span class='ocrx_word' id='word_1_127' title='bbox 801 3039 997 3127; x_wconf 84' lang='lat' dir='ltr'>Sophoclem</span> <span class='ocrx_word' id='word_1_128' title='bbox 1021 3063 1048 3107; x_wconf 91' lang='lat' dir='ltr'><strong>e.</strong></span> <span class='ocrx_word' id='word_1_129' title='bbox 1077 3062 1110 3125; x_wconf 87' lang='lat' dir='ltr'><strong>g.</strong></span> <span class='ocrx_word' id='word_1_130' title='bbox 1148 3038 1323 3108; x_wconf 87' lang='lat' dir='ltr'><strong>invenitur</strong></span> 
     </span>
     <span class='ocr_line' id='line_1_17' title="bbox 186 3181 1272 3264; baseline 0.001 -18"><span class='ocrx_word' id='word_1_131' title='bbox 186 3182 330 3249; x_wconf 80' lang='lat' dir='ltr'><strong>Philoet.</strong></span> <span class='ocrx_word' id='word_1_132' title='bbox 355 3183 458 3248; x_wconf 81' lang='lat'>1068:</span> <span class='ocrx_word' id='word_1_133' title='bbox 483 3182 577 3263; x_wconf 78' lang='grc' dir='ltr'><em>χώρει</em></span> <span class='ocrx_word' id='word_1_134' title='bbox 601 3181 648 3245; x_wconf 79' lang='grc' dir='ltr'><strong>σύ·</strong></span> <span class='ocrx_word' id='word_1_135' title='bbox 672 3183 715 3259; x_wconf 68' lang='grc' dir='ltr'><strong>μὴ</strong></span> <span class='ocrx_word' id='word_1_136' title='bbox 740 3181 937 3263; x_wconf 78' lang='grc' dir='ltr'><em>πρόσλευσσε,</em></span> <span class='ocrx_word' id='word_1_137' title='bbox 960 3181 1095 3259; x_wconf 70' lang='grc' dir='ltr'><strong>γενναῖός</strong></span> <span class='ocrx_word' id='word_1_138' title='bbox 1124 3207 1202 3264; x_wconf 79' lang='grc' dir='ltr'><strong>περ</strong></span> <span class='ocrx_word' id='word_1_139' title='bbox 1227 3183 1272 3247; x_wconf 80' lang='grc' dir='ltr'><strong>ὤν.</strong></span> 
     </span>
    </p>

    <p class='ocr_par' dir='ltr' id='par_1_8' title="bbox 231 3324 1321 3415">
     <span class='ocr_line' id='line_1_18' title="bbox 231 3324 1321 3415; baseline 0.001 -23"><span class='ocrx_word' id='word_1_140' title='bbox 231 3326 291 3410; x_wconf 87' lang='lat' dir='ltr'><strong>At,</strong></span> <span class='ocrx_word' id='word_1_141' title='bbox 316 3326 409 3392; x_wconf 85' lang='lat' dir='ltr'><strong>dieat</strong></span> <span class='ocrx_word' id='word_1_142' title='bbox 432 3326 574 3414; x_wconf 82' lang='lat' dir='ltr'><strong>aliquis,</strong></span> <span class='ocrx_word' id='word_1_143' title='bbox 600 3324 656 3405; x_wconf 79' lang='grc' dir='ltr'><strong>πέρ</strong></span> <span class='ocrx_word' id='word_1_144' title='bbox 679 3326 816 3413; x_wconf 84' lang='lat' dir='ltr'><strong>ponitur</strong></span> <span class='ocrx_word' id='word_1_145' title='bbox 845 3330 955 3413; x_wconf 89' lang='lat' dir='ltr'><strong>post</strong></span> <span class='ocrx_word' id='word_1_146' title='bbox 983 3328 1141 3410; x_wconf 87' lang='lat' dir='ltr'><strong>verbum,</strong></span> <span class='ocrx_word' id='word_1_147' title='bbox 1166 3327 1210 3392; x_wconf 79' lang='lat' dir='ltr'><strong>ad</strong></span> <span class='ocrx_word' id='word_1_148' title='bbox 1232 3328 1321 3415; x_wconf 89' lang='lat' dir='ltr'><strong>quod</strong></span> 
     </span>
    </p>
   </div>
   <div class='ocr_carea' id='block_1_6' title="bbox 186 3467 1322 3556">
    <p class='ocr_par' dir='ltr' id='par_1_9' title="bbox 186 3467 1322 3556">
     <span class='ocr_line' id='line_1_19' title="bbox 186 3467 1322 3556; baseline 0.002 -23"><span class='ocrx_word' id='word_1_149' title='bbox 186 3469 348 3556; x_wconf 75' lang='lat' dir='ltr'><strong>pertinet.</strong></span> <span class='ocrx_word' id='word_1_150' title='bbox 383 3467 551 3534; x_wconf 84' lang='lat' dir='ltr'><strong>Concedo:</strong></span> <span class='ocrx_word' id='word_1_151' title='bbox 583 3467 738 3555; x_wconf 83' lang='lat' dir='ltr'>plurimis</span> <span class='ocrx_word' id='word_1_152' title='bbox 772 3467 861 3534; x_wconf 90' lang='lat' dir='ltr'><strong>enim</strong></span> <span class='ocrx_word' id='word_1_153' title='bbox 890 3467 971 3533; x_wconf 86' lang='lat' dir='ltr'><strong>loeis</strong></span> <span class='ocrx_word' id='word_1_154' title='bbox 1004 3467 1165 3534; x_wconf 83' lang='lat' dir='ltr'><strong>vocabulo</strong></span> <span class='ocrx_word' id='word_1_155' title='bbox 1188 3468 1245 3548; x_wconf 79' lang='grc' dir='ltr'><strong>πέρ</strong></span> <span class='ocrx_word' id='word_1_156' title='bbox 1270 3469 1322 3535; x_wconf 84' lang='lat' dir='ltr'><strong>ita</strong></span> 
     </span>
    </p>
   </div>
   <div class='ocr_carea' id='block_1_7' title="bbox 187 3609 1320 4554">
    <p class='ocr_par' dir='ltr' id='par_1_10' title="bbox 187 3609 1320 4118">
     <span class='ocr_line' id='line_1_20' title="bbox 188 3609 1320 3697; baseline 0 -21"><span class='ocrx_word' id='word_1_157' title='bbox 188 3615 332 3678; x_wconf 85' lang='lat' dir='ltr'><strong>utuntur</strong></span> <span class='ocrx_word' id='word_1_158' title='bbox 360 3610 500 3695; x_wconf 84' lang='lat' dir='ltr'><strong>Graeei;</strong></span> <span class='ocrx_word' id='word_1_159' title='bbox 532 3609 589 3691; x_wconf 77' lang='grc' dir='ltr'><strong>πέρ</strong></span> <span class='ocrx_word' id='word_1_160' title='bbox 612 3615 727 3677; x_wconf 84' lang='lat' dir='ltr'><strong>tamen</strong></span> <span class='ocrx_word' id='word_1_161' title='bbox 751 3611 855 3677; x_wconf 83' lang='lat' dir='ltr'><strong>etiam</strong></span> <span class='ocrx_word' id='word_1_162' title='bbox 878 3609 967 3697; x_wconf 80' lang='lat' dir='ltr'><strong>apud</strong></span> <span class='ocrx_word' id='word_1_163' title='bbox 990 3610 1200 3696; x_wconf 83' lang='lat' dir='ltr'><strong>Aeschylum</strong></span> <span class='ocrx_word' id='word_1_164' title='bbox 1222 3611 1320 3676; x_wconf 71' lang='lat' dir='ltr'><strong>colle</strong></span> 
     </span>
     <span class='ocr_line' id='line_1_21' title="bbox 188 3752 1319 3841; baseline -0.004 -20"><span class='ocrx_word' id='word_1_165' title='bbox 188 3757 287 3821; x_wconf 86' lang='lat' dir='ltr'><strong>eatur</strong></span> <span class='ocrx_word' id='word_1_166' title='bbox 316 3758 392 3841; x_wconf 87' lang='lat' dir='ltr'><strong>post</strong></span> <span class='ocrx_word' id='word_1_167' title='bbox 421 3754 497 3827; x_wconf 78' lang='grc' dir='ltr'><em>οὐδέ,</em></span> <span class='ocrx_word' id='word_1_168' title='bbox 523 3753 581 3819; x_wconf 89' lang='lat' dir='ltr'><strong>ubi</strong></span> <span class='ocrx_word' id='word_1_169' title='bbox 603 3754 817 3820; x_wconf 84' lang='lat' dir='ltr'><strong>referendum</strong></span> <span class='ocrx_word' id='word_1_170' title='bbox 841 3756 894 3819; x_wconf 85' lang='lat' dir='ltr'><strong>est</strong></span> <span class='ocrx_word' id='word_1_171' title='bbox 927 3752 978 3817; x_wconf 78' lang='lat' dir='ltr'><strong>ad</strong></span> <span class='ocrx_word' id='word_1_172' title='bbox 1011 3752 1319 3840; x_wconf 81' lang='lat' dir='ltr'><strong>participium,</strong></span> 
     </span>
     <span class='ocr_line' id='line_1_22' title="bbox 187 3890 1317 3984; baseline -0.003 -24"><span class='ocrx_word' id='word_1_173' title='bbox 187 3896 299 3984; x_wconf 85' lang='lat' dir='ltr'><strong>qued</strong></span> <span class='ocrx_word' id='word_1_174' title='bbox 325 3896 549 3984; x_wconf 83' lang='lat' dir='ltr'><strong>sequitur,</strong></span> <span class='ocrx_word' id='word_1_175' title='bbox 574 3895 643 3963; x_wconf 87' lang='lat' dir='ltr'>vid.</span> <span class='ocrx_word' id='word_1_176' title='bbox 669 3894 814 3982; x_wconf 86' lang='lat' dir='ltr'><strong>Choeph.</strong></span> <span class='ocrx_word' id='word_1_177' title='bbox 839 3895 905 3960; x_wconf 85' lang='lat'><strong>504</strong></span> <span class='ocrx_word' id='word_1_178' title='bbox 928 3890 1000 3956; x_wconf 71' lang='grc' dir='ltr'><strong>οὕτω</strong></span> <span class='ocrx_word' id='word_1_179' title='bbox 1023 3892 1083 3972; x_wconf 69' lang='grc' dir='ltr'><strong>γὰρ</strong></span> <span class='ocrx_word' id='word_1_180' title='bbox 1107 3893 1138 3955; x_wconf 82' lang='grc' dir='ltr'><strong>οὐ</strong></span> <span class='ocrx_word' id='word_1_181' title='bbox 1149 3891 1317 3966; x_wconf 69' lang='grc' dir='ltr'><em>τέθνηκας,</em></span> 
     </span>
     <span class='ocr_line' id='line_1_23' title="bbox 188 4035 503 4118; baseline -0.003 -17"><span class='ocrx_word' id='word_1_182' title='bbox 188 4036 254 4102; x_wconf 78' lang='grc' dir='ltr'><strong>οὐδὲ</strong></span> <span class='ocrx_word' id='word_1_183' title='bbox 285 4062 336 4102; x_wconf 77' lang='grc' dir='ltr'><strong>πε</strong></span> <span class='ocrx_word' id='word_1_184' title='bbox 349 4063 363 4118; x_wconf 81' lang='grc' dir='ltr'><em>ρ</em></span> <span class='ocrx_word' id='word_1_185' title='bbox 394 4035 503 4102; x_wconf 67' lang='grc' dir='ltr'><strong>θανών.</strong></span> 
     </span>
    </p>

    <p class='ocr_par' dir='ltr' id='par_1_11' title="bbox 188 4175 1317 4403">
     <span class='ocr_line' id='line_1_24' title="bbox 234 4175 1317 4269; baseline -0.006 -23"><span class='ocrx_word' id='word_1_186' title='bbox 234 4180 349 4269; x_wconf 85' lang='lat' dir='ltr'><strong>Suppl.</strong></span> <span class='ocrx_word' id='word_1_187' title='bbox 375 4181 439 4247; x_wconf 82' lang='lat'><strong>399</strong></span> <span class='ocrx_word' id='word_1_188' title='bbox 474 4175 556 4244; x_wconf 78' lang='grc' dir='ltr'><em>εἶπον</em></span> <span class='ocrx_word' id='word_1_189' title='bbox 592 4179 625 4242; x_wconf 77' lang='grc' dir='ltr'><strong>δὲ</strong></span> <span class='ocrx_word' id='word_1_190' title='bbox 658 4176 710 4242; x_wconf 72' lang='lat' dir='ltr'><strong>sext</strong></span> <span class='ocrx_word' id='word_1_191' title='bbox 738 4177 822 4259; x_wconf 72' lang='grc' dir='ltr'><em>πρὶν,</em></span> <span class='ocrx_word' id='word_1_192' title='bbox 855 4179 904 4241; x_wconf 78' lang='grc' dir='ltr'><strong>οὐκ</strong></span> <span class='ocrx_word' id='word_1_193' title='bbox 928 4176 998 4241; x_wconf 76' lang='grc' dir='ltr'><em>ἄνευ</em></span> <span class='ocrx_word' id='word_1_194' title='bbox 1021 4177 1116 4254; x_wconf 75' lang='grc' dir='ltr'><em>δήμου</em></span> <span class='ocrx_word' id='word_1_195' title='bbox 1140 4176 1218 4241; x_wconf 63' lang='grc' dir='ltr'><strong>τάδε</strong></span> <span class='ocrx_word' id='word_1_196' title='bbox 1242 4176 1317 4258; x_wconf 68' lang='grc' dir='ltr'><strong>πρά-</strong></span> 
     </span>
     <span class='ocr_line' id='line_1_25' title="bbox 188 4320 687 4403; baseline -0.006 -16"><span class='ocrx_word' id='word_1_197' title='bbox 188 4320 277 4400; x_wconf 71' lang='grc' dir='ltr'><strong><em>ξαιμ’</em></strong></span> <span class='ocrx_word' id='word_1_198' title='bbox 303 4321 349 4400; x_wconf 68' lang='grc' dir='ltr'><strong>ἂν,</strong></span> <span class='ocrx_word' id='word_1_199' title='bbox 373 4321 438 4385; x_wconf 78' lang='grc' dir='ltr'><strong>οὐδὲ</strong></span> <span class='ocrx_word' id='word_1_200' title='bbox 462 4346 540 4403; x_wconf 81' lang='grc' dir='ltr'><strong>περ</strong></span> <span class='ocrx_word' id='word_1_201' title='bbox 562 4325 687 4401; x_wconf 65' lang='grc' dir='ltr'><strong><em>κρατῶν.</em></strong></span> 
     </span>
    </p>

    <p class='ocr_par' dir='ltr' id='par_1_12' title="bbox 234 4461 1318 4554">
     <span class='ocr_line' id='line_1_26' title="bbox 234 4461 1318 4554; baseline -0.006 -23"><span class='ocrx_word' id='word_1_202' title='bbox 234 4465 285 4532; x_wconf 85' lang='lat' dir='ltr'><strong>Cf.</strong></span> <span class='ocrx_word' id='word_1_203' title='bbox 319 4469 499 4554; x_wconf 83' lang='lat' dir='ltr'><strong>praeterea</strong></span> <span class='ocrx_word' id='word_1_204' title='bbox 533 4464 644 4530; x_wconf 86' lang='lat' dir='ltr'><strong>Arist.</strong></span> <span class='ocrx_word' id='word_1_205' title='bbox 679 4463 765 4530; x_wconf 74' lang='lat' dir='ltr'><strong>Aah.</strong></span> <span class='ocrx_word' id='word_1_206' title='bbox 800 4464 895 4528; x_wconf 78' lang='lat'>224:</span> <span class='ocrx_word' id='word_1_207' title='bbox 930 4462 1008 4539; x_wconf 77' lang='grc' dir='ltr'><strong>μηδὲ</strong></span> <span class='ocrx_word' id='word_1_208' title='bbox 1053 4486 1131 4541; x_wconf 80' lang='grc' dir='ltr'><strong>περ</strong></span> <span class='ocrx_word' id='word_1_209' title='bbox 1173 4461 1318 4542; x_wconf 72' lang='grc' dir='ltr'><strong>γέροντας</strong></span> 
     </span>
    </p>
   </div>
   <div class='ocr_carea' id='block_1_8' title="bbox 188 4606 694 4686">
    <p class='ocr_par' dir='ltr' id='par_1_13' title="bbox 188 4606 694 4686">
     <span class='ocr_line' id='line_1_27' title="bbox 188 4606 694 4686; baseline 0.004 -16"><span class='ocrx_word' id='word_1_210' title='bbox 188 4606 205 4671; x_wconf 78' lang='grc' dir='ltr'><em>ὅ</em></span> <span class='ocrx_word' id='word_1_211' title='bbox 214 4632 228 4670; x_wconf 84' lang='grc' dir='ltr'><em>ν</em></span> <span class='ocrx_word' id='word_1_212' title='bbox 239 4631 260 4670; x_wconf 83' lang='grc' dir='ltr'><em>τ</em></span> <span class='ocrx_word' id='word_1_213' title='bbox 271 4630 292 4670; x_wconf 80' lang='lat' dir='ltr'><em>a</em></span> <span class='ocrx_word' id='word_1_214' title='bbox 305 4632 320 4679; x_wconf 84' lang='grc' dir='ltr'><em>ς</em></span> <span class='ocrx_word' id='word_1_215' title='bbox 343 4607 483 4685; x_wconf 74' lang='grc' dir='ltr'><em>ἐκφυγὼν</em></span> <span class='ocrx_word' id='word_1_216' title='bbox 505 4606 694 4686; x_wconf 64' lang='grc' dir='ltr'><strong><em>Ἀχαρνέας.</em></strong></span> 
     </span>
    </p>
   </div>
   <div class='ocr_carea' id='block_1_9' title="bbox 0 0 1753 5536">
    <p class='ocr_par' dir='ltr' id='par_1_14' title="bbox 0 0 1753 5536">
     <span class='ocr_line' id='line_1_28' title="bbox 0 0 1753 5536; baseline 0 0"><span class='ocrx_word' id='word_1_217' title='bbox 0 0 1753 5536; x_wconf 95' lang='lat' dir='ltr'><strong> </strong></span> 
     </span>
    </p>
   </div>
  </div>
 </body>
</html>
