3466 5536
783 822 823 885 13

284 1013 475 1082 Confitetur
505 1014 595 1081 idem
625 1014 734 1081 Creon
765 1015 874 1081 filium
903 1015 1044 1103 periisse
1076 1017 1167 1093 ἐμοῖς
1197 1017 1262 1081 οὐδὲ
1286 1023 1370 1083 σοῖσι

238 1155 452 1232 δυσβουλίαις,
486 1157 632 1224 miseriis
667 1158 797 1225 fractus
828 1157 885 1236 σ’ψὲ
908 1158 976 1232 τὴν
1005 1156 1115 1232 δίκην
1149 1159 1211 1241 ὁρᾷ.
1242 1161 1369 1228 Eodem

239 1298 334 1364 modo
364 1299 401 1364 in
434 1299 645 1366 Baccharum
680 1299 774 1368 exitu
807 1299 930 1386 Agave
962 1304 998 1372 et
1028 1299 1173 1368 Cadmus
1197 1327 1232 1370 se
1255 1326 1370 1391 pecca·

240 1440 329 1507 visse
375 1464 442 1507 non
486 1445 631 1530 negant:
680 1440 821 1534 Διόνοσε,
868 1439 1064 1520 λισσόμεσθά
1098 1445 1138 1516 σ’,
1173 1443 1367 1522 ἠδικήκαμεν.

240 1581 356 1649 Aliter
387 1605 423 1649 se
452 1583 545 1670 gerit
579 1584 743 1672 Oedipus:
780 1583 906 1661 ἄνοοννον
937 1607 973 1651 se
1008 1607 1080 1651 esse
1114 1585 1305 1672 praedicat,
1329 1591 1371 1654 ut

239 1723 352 1812 impiis
392 1728 511 1791 natum
551 1727 769 1813 parentibus,
817 1726 969 1800 δύστηνον,
1013 1734 1054 1794 ut
1087 1727 1159 1794 fato
1194 1729 1368 1812 obrutum,

241 1863 322 1937 θεοῖς
357 1865 547 1948 ἐχθρότατον
580 1867 708 1949 βροτῶν,
748 1873 788 1936 ut
821 1869 960 1935 deorum
993 1869 1170 1938 voluntate
1204 1871 1240 1936 in
1273 1871 1370 1938 mise-

241 2007 310 2074 rias
364 2009 566 2093 coniectum,
620 2033 785 2100 nusquam
834 2016 948 2079 autem
998 2034 1034 2077 se
1079 2011 1151 2100 ipse
1198 2017 1369 2080 auctorem

241 2150 404 2216 malorum
434 2151 638 2231 irruentium
669 2155 778 2221 vocat.
811 2151 981 2234 Quomodo
1010 2157 1123 2220 autem
1153 2153 1261 2220 maius
1297 2177 1370 2220 esse

240 2295 354 2380 potest
382 2293 498 2377 heros,
527 2294 621 2362 ouius
645 2259 836 2384 sepulcrum
857 2295 1104 2362 beatitudinem
1127 2295 1370 2386 victoriamque

241 2447 416 2503 aeternam
457 2439 634 2526 praebebit
673 2438 839 2521 Athenis,
875 2437 953 2504 urbi
986 2435 1233 2520 θεοσεβεστοὶτρ,
1268 2461 1372 2527 quam

242 2579 397 2647 Minerva
442 2583 478 2646 et
522 2581 701 2669 Neptunus
748 2581 875 2670 aliique
917 2580 973 2647 dei
1015 2585 1131 2649 amant
1166 2584 1368 2669 augentque.

241 2721 450 2807 Identidem,
480 2723 632 2790 fabulam
662 2724 700 2790 0.
724 2725 768 2790 R.
800 2724 1013 2810 legentibus,
1044 2723 1086 2790 in
1108 2727 1255 2790 mentem
1278 2724 1370 2793 veni-

241 2866 306 2929 unt
339 2866 445 2932 verba
476 2863 540 2930 illa
571 2864 785 2952 Aeschyleo:
821 2865 855 2930 τὸ
885 2874 939 2941 τῆς
967 2863 1103 2943 ἀνάγκης
1135 2863 1198 2928 ἔστ’
1234 2864 1371 2946 οὶδήροτον
1443 2879 1446 2883 ’

242 2987 358 3076 σθένος.
382 3005 543 3073 Peccavit
561 3006 683 3090 Laius,
702 3029 826 3094 poenas
846 3007 943 3074 dabit
961 3007 1126 3095 Oedipus,
1145 3007 1239 3074 cuius
1259 3007 1370 3074 fatum

243 3147 348 3213 multo
378 3147 537 3213 maiorem
566 3147 830 3214 misericordiam
864 3151 993 3230 movet,
1028 3147 1116 3236 quod
1138 3147 1217 3213 deos
1241 3147 1369 3232 colens,

243 3289 464 3357 iustissimus·
493 3314 570 3375 rex,
614 3290 806 3356 Thebarum
846 3293 1017 3374 servator,
1061 3312 1162 3356 caeca
1203 3293 1293 3356 sorte
1334 3291 1370 3356 in

242 3431 406 3500 maximas
436 3433 581 3500 deicitur
608 3433 772 3501 miserias.
802 3471 847 3482 -
874 3434 1021 3522 Oedipus
1052 3433 1162 3521 igitur
1184 3456 1237 3499 me
1259 3432 1369 3500 iudice

242 3574 341 3641 heros
376 3579 445 3659 est,
481 3579 645 3664 quantum
674 3580 801 3643 natura
829 3575 978 3642 humana
1012 3575 1112 3659 sinit,
1143 3575 1215 3642 sine
1253 3574 1368 3661 culpa,

244 3719 316 3785 sine
345 3719 487 3786 moeniis
514 3718 556 3805 ¹),
586 3720 718 3806 magnis
741 3720 918 3809 praeditus
941 3718 1138 3788 virtutibus.
1163 3716 1370 3797 Admiratio-

242 3885 318 3928 nem
351 3866 503 3953 nostram
536 3866 649 3931 movet
682 3885 743 3929 rex
775 3861 989 3950 praedem,
1024 3860 1083 3948 qui
1116 3881 1179 3927 sua
1201 3858 1370 3925 commoda

239 4077 458 4150 Tugendspiegel
477 4076 541 4134 oder
559 4076 713 4135 vollendete
731 4075 928 4146 Bosewichtcr,
949 4075 1043 4134 sowoit
1056 4075 1134 4133 nicht
1143 4075 1191 4133 der
1200 4073 1372 4132 srbcrliesorto

240 4184 350 4257 mythos
369 4184 431 4242 dem
450 4184 566 4242 Dichter
586 4183 630 4242 die
649 4183 748 4242 thde
766 4183 848 4242 band.

286 4287 314 4366 ¹)
336 4290 407 4348 «das
437 4290 537 4348 Fatum
567 4290 729 4349 schmettert
758 4289 812 4348 deu
843 4289 964 4362 Oedipus
994 4287 1215 4346 schuldlos
1245 4287 1370 4345 nieder.»

1042 4387 1197 4445 Sohmelrer
1215 4403 1262 4460 pg.
1284 4385 1331 4444 69.

279 4495 357 4552 «Der
386 4493 537 4553 Charakter
566 4494 614 4553 des
641 4494 871 4568 Sophokleischcn
899 4495 1020 4568 Oedipus
1041 4494 1078 4551 ist
1100 4493 1371 4551 fleckenlos.»

1097 4590 1195 4649 Nauck
1215 4609 1261 4665 pg.
1286 4590 1332 4648 19.
