3466 5536
954 843 998 906 24

409 1036 633 1103 amoliendum
667 1043 700 1104 et
724 1037 987 1125 propulsandum
1011 1037 1147 1126 aliquod
1169 1037 1311 1113 malum,
1337 1037 1409 1104 sive
1432 1036 1538 1102 morbi

409 1203 448 1247 ac
483 1181 782 1268 praesertim
816 1181 996 1270 pestis,
1029 1180 1100 1248 sive
1131 1179 1245 1246 belli.”
1289 1179 1345 1246 Sic
1376 1179 1447 1266 ipse
1483 1179 1539 1246 So·

409 1323 543 1411 phooles
568 1325 687 1387 πανανα
710 1325 931 1412 composuisse
955 1323 1080 1390 dicitur
1104 1323 1138 1388 in
1161 1323 1318 1389 honorem
1341 1319 1539 1409 Aesculapii

411 1466 455 1533 ad
487 1489 645 1551 magnam
686 1469 816 1554 pestem
858 1466 1086 1534 amovendam.
1125 1465 1166 1533 of.
1202 1466 1292 1531 Paus
1327 1465 1416 1548 VII,
1451 1465 1537 1547 23,8.

409 1609 570 1675 Philostr.
604 1609 637 1676 V
662 1609 875 1697 Ap011.111,
900 1611 952 1675 17.
977 1608 1074 1696 Corp.
1100 1609 1208 1674 Inscr.
1233 1605 1309 1674 Att.
1333 1608 1391 1673 ΠΙ
1416 1609 1434 1673 1
1460 1630 1538 1695 pag.

409 1753 477 1818 490
500 1750 627 1816 Kaibel
651 1750 771 1816 Rhein.
797 1751 881 1817 blus.
908 1753 959 1835 34,
985 1752 1049 1816 207
1070 1751 1187 1836 Bergk
1207 1752 1292 1838 Lyr.
1315 1751 1354 1816 II
1373 1752 1538 1838 peg.248.

412 1894 551 1959 Omnem
586 1893 627 1960 de
661 1893 725 1960 bac
760 1892 1007 1977 significatione
1038 1893 1285 1961 dubitationem
1313 1892 1408 1960 tollit
1429 1892 1469 1958 E.
1494 1891 1539 1958 Μ.

414 2037 498 2118 657,
526 2035 567 2100 12
592 2035 705 2109 τανήαν
741 2035 754 2098 ὁ
779 2033 969 2098 καταπαύων
992 2032 1082 2113 ὕμνος
1105 2035 1154 2098 τὸν
1177 2033 1289 2113 λοιμόν.

456 2178 510 2243 Ex
533 2177 585 2242 his
610 2177 735 2264 igitur,
763 2199 850 2266 quae
874 2178 962 2261 dixi,
986 2182 1084 2266 patet
1108 2175 1204 2242 τααέν
1228 2177 1421 2263 significare
1445 2199 1540 2263 posse

413 2343 548 2386 carmen
583 2321 714 2404 „fausto
743 2319 850 2386 omine
873 2319 1029 2408 plenum”
1054 2320 1231 2406 (Ellendt),
1257 2319 1301 2386 ad
1322 2317 1541 2407 propellenda

412 2462 565 2549 pericula
588 2462 881 2529 accommodatum.

460 2604 552 2687 Quid
585 2605 709 2692 plura?
751 2605 793 2670 In
835 2630 885 2673 vs.
921 2607 941 2671 5
973 2605 1027 2692 (ut
1059 2605 1095 2670 in
1130 2629 1179 2672 vs.
1217 2603 1294 2690 187)
1330 2606 1541 2691 opponuntur

414 2748 544 2819 τανανες
578 2751 613 2813 et
647 2744 855 2824 στενανματα
879 2746 900 2812 i.
925 2769 953 2814 e.
990 2746 1021 2813 ei
1050 2747 1109 2835 qui
1142 2751 1284 2813 mortem
1318 2747 1476 2812 timentes
1507 2748 1543 2810 et

415 2889 456 2955 de
491 2912 626 2956 suormn
660 2891 751 2956 sorte
786 2889 925 2955 solliciti
958 2913 1019 2976 per
1053 2889 1205 2957 earmina
1239 2889 1414 2956 sollemnia
1445 2888 1543 2954 deum

414 3032 551 3119 placare
574 3035 755 3114 conantur,
781 3035 817 3098 et
839 3031 870 3097 ei
894 3031 951 3118 qui
974 3030 1231 3118 consanguineis
1256 3035 1292 3097 et
1312 3030 1427 3098 amicis
1447 3035 1543 3117 peste

416 3175 566 3262 abreptis
590 3175 736 3261 gemitus
760 3173 860 3241 cient.

460 3318 503 3383 In
532 3343 581 3385 vs.
618 3319 658 3383 11
695 3322 807 3385 autem
842 3318 958 3404 procul
993 3317 1093 3384 dubio
1118 3316 1181 3384 sibi
1204 3321 1417 3405 opponuntur
1439 3319 1545 3386 verba

418 3459 573 3533 δείσαντες
598 3465 632 3527 ct
656 3458 820 3536 στέξαντες
844 3458 913 3547 (vel
937 3458 1140 3544 στέρξαντες),
1176 3460 1228 3525 ita
1251 3463 1292 3526 ut
1313 3457 1544 3532 δείσαντες,

418 3602 621 3690 respondeat
643 3602 804 3670 vocabulo
826 3625 1027 3690 praegresso
1056 3599 1253 3674 ταναναν,
1277 3602 1298 3646 *³
1322 3599 1546 3677 στέξαντες

418 3769 498 3813 vero
533 3745 695 3813 vocabulo
729 3742 1036 3823 στεναγμάτων.
1073 3744 1219 3832 Oedipus
1245 3744 1333 3810 enim
1357 3743 1458 3811 dicit:
1481 3768 1546 3833 quo

419 3888 514 3954 modo
548 3888 623 3974 (πῶς
657 3886 851 3973 διακείμενα)
898 3887 953 3954 hio
1000 3886 1142 3965 sedetis,
1189 3886 1348 3953 timentes
1394 3886 1546 3978 pericula

419 4031 539 4097 futura
573 4029 726 4118 (ideoque
761 4030 805 4096 ad
832 4028 1033 4116 placandum
1063 4026 1253 4094 terribilem
1283 4027 1381 4094 deum
1413 4029 1548 4100 ταιανας

421 4176 580 4240 canentes
612 4173 654 4238 cf.
680 4173 718 4240 0.
743 4172 778 4238 C.
804 4173 869 4237 604
892 4177 972 4235 τεῖεν
996 4168 1098 4242 naboe
1121 4168 1303 4254 δείσαντας),
1329 4193 1373 4237 an
1395 4171 1547 4238 dolentes

422 4338 491 4398 ece,
515 4315 574 4402 qui
596 4314 664 4380 iam
686 4314 812 4382 mortui
835 4314 938 4380 sunt?

467 4460 589 4547 Itaque
613 4455 836 4532 στέξαντες
857 4454 1076 4542 (στέρξαντες),
1100 4457 1189 4544 quod
1208 4457 1297 4522 omni
1317 4480 1417 4524 sensu
1434 4480 1550 4525 carere

423 4600 578 4684 videtur,
603 4603 796 4688 corruptum
820 4603 872 4665 est
895 4603 931 4665 et
952 4597 1133 4688 legendum
1156 4597 1396 4671 στένοντες..
