3466 5536
935 809 979 874 60

389 1001 449 1080 γαρ
479 1001 531 1065 καὶ
562 1001 663 1074 ἄλλως
685 999 840 1082 ν’ἰνθρωσος
865 1003 898 1066 τὸ
923 1003 980 1079 μὲν
1004 999 1171 1083 θεραπεῦον
1196 1003 1405 1084 ὑπερφρονεῖν,
1429 1003 1462 1067 σο
1485 1002 1519 1066 δὲ

388 1143 432 1219 μὴ
466 1143 584 1208 ὑπεῖκον
618 1124 794 1223 &sehsten
824 1147 858 1212 et
890 1145 952 1228 (VI
972 1183 1012 1192 -
1035 1147 1095 1228 68,
1120 1145 1152 1230 2)
1177 1139 1203 1208 oi
1227 1143 1438 1226 ὑπερφρονοῦσι
1462 1145 1519 1222 μὲν

388 1287 490 1363 ἡμᾶς,
514 1286 691 1364 ὑπομενοῦσι
713 1287 783 1352 δὀὔ.

430 1429 556 1496 Eodem
600 1430 694 1498 modo
736 1433 914 1518 eorruptus
957 1433 1009 1496 est
1044 1428 1152 1498 Arist.
1191 1429 1307 1518 Equit.
1344 1454 1392 1498 vs
1436 1432 1514 1496 727:

389 1568 506 1647 ἔξελθ’,
531 1570 565 1636 ἵν’
590 1571 687 1654 εἰδῇς,
711 1568 851 1654 οἶοέοσερ
884 1571 1123 1654 ὑβρίζομαι,
1155 1573 1213 1638 nbi
1244 1576 1338 1640 certa
1362 1572 1514 1639 emenda-

385 1714 476 1781 tione
500 1714 653 1803 Elmsley
677 1715 833 1783 restituit
863 1711 924 1779 οἷα
947 1738 995 1779 σε
1004 1738 1061 1796 ρον
1070 1714 1138 1796 βρί
1144 1714 1163 1796 ζ
1171 1737 1184 1779 ο
1193 1738 1286 1795 ραν,
1320 1738 1420 1804 quam
1443 1740 1513 1783 con·

386 1856 550 1925 iacturam
573 1857 609 1924 in
631 1861 763 1926 textum
785 1858 913 1946 recepit
937 1857 1043 1926 Koeh.
1073 1857 1099 1943 ¹)

431 2141 500 2210 Ad
534 2169 556 2212 v
569 2168 594 2213 s,
629 2143 734 2210 415:

497 2282 542 2368 ἆρ’
575 2280 654 2351 οἶσθ’
685 2287 745 2368 ἀφ’
777 2283 813 2350 ὧν
844 2281 888 2361 εἷς
922 2287 996 2351 καὶ
1028 2286 1167 2362 λέληθας
1198 2287 1312 2370 ἐχθρὸς
1343 2289 1378 2353 ὢν

497 2435 559 2503 τοῖς
587 2434 678 2494 σοῖσιν
700 2429 791 2493 αὐτοῦ
814 2427 901 2511 νέρθε
925 2427 1002 2493 ariri
1025 2437 1082 2506 γῆς
1105 2427 1173 2497 ἅνω.

428 2571 512 2656 καί,
556 2573 643 2662 qnod
685 2573 817 2641 frustra
859 2572 997 2657 Nauck,
1042 2578 1176 2641 secutus
1210 2574 1385 2661 Eimsley‚
1421 2575 1510 2642 tueri

384 2719 525 2783 sonatur
560 2716 724 2784 adnotans
764 2715 833 2802 ,καὶ
867 2714 1024 2791 λέληθας,
1055 2717 1135 2785 wei]
1165 2718 1201 2785 in
1232 2718 1292 2785 der
1324 2719 1438 2805 Frage
1462 2712 1507 2799 ἄρ’

383 2854 462 2923 οἷσθ’
498 2860 557 2940 αφ’
590 2855 625 2923 ὧν
656 2853 700 2934 εἷς
735 2859 795 2926 der
821 2859 905 2926 Sinn
927 2859 1015 2946 liegt
1039 2860 1088 2923 οὐκ
1112 2854 1241 2943 οἶσθα”,
1274 2859 1357 2926 mihi
1381 2884 1509 2949 suspee-

383 3006 456 3068 tum
486 3005 548 3070 est.
582 3003 691 3070 Bothe
719 3002 807 3089 legit
829 3003 879 3065 κού
903 2998 1057 3086 λέληθας,
1083 3002 1170 3091 quod
1191 3000 1246 3065 καί
1271 3001 1509 3087 „nullam-vim

382 3143 516 3210 habet.”
549 3144 739 3212 Lenissima
769 3145 975 3211 correctione
997 3167 1049 3210 me
1072 3167 1188 3212 veram
1211 3143 1388 3210 lectionem
1412 3145 1508 3212 resti·

383 3290 537 3354 tutorum
562 3310 633 3355 esse
657 3287 773 3375 opinor
796 3287 940 3386 legendo
960 3288 1004 3361 ὡς
1025 3286 1217 3375 (velpotius
1231 3287 1331 3373 χώς)
1352 3311 1412 3375 pro
1431 3287 1506 3352 καί.

329 3523 331 3529 A
426 3430 463 3502 ὡς
488 3433 523 3496 et
546 3428 600 3494 καί
621 3430 815 3518 saepissime
839 3429 998 3497 confundi
1020 3429 1076 3498 vel
1098 3429 1197 3518 pueri
1219 3434 1353 3512 norunt,
1378 3429 1446 3498 vid.
1466 3431 1507 3496 de

383 3595 423 3639 ea
454 3594 492 3637 re
525 3573 611 3639 Bast
643 3571 837 3657 (Comment.
868 3572 1113 3660 Palaeograph.
1138 3594 1193 3659 pg.
1218 3573 1292 3655 717,
1318 3572 1393 3654 781,
1418 3572 1506 3657 816).

425 3714 597 3803 Exemplis
631 3714 732 3781 huius
763 3713 982 3800 confusionis,
1007 3737 1093 3801 quae
1116 3714 1240 3803 ubique
1264 3686 1411 3782 inveniri
1434 3738 1507 3802 pos·

382 3862 469 3941 sunt,
494 3857 555 3925 hoo
579 3857 782 3924 addiderim:
808 3857 913 3925 Thuc.
937 3857 991 3943 (V,
1018 3858 1069 3940 15,
1096 3859 1127 3943 1)
1160 3861 1282 3925 narrat
1305 3881 1379 3924 oum
1404 3858 1506 3923 Laee-

381 4000 569 4067 daemonios
605 4004 678 4067 tum
713 3999 939 4067 Athenienses
973 4000 1100 4068 bellum
1134 3999 1303 4067 diutinum
1333 4000 1429 4068 finire
1472 4006 1507 4068 et

422 4253 447 4325 ¹)
468 4254 521 4311 Per
551 4252 631 4310 hosoo
661 4244 719 4310 dies
738 4250 881 4324 perlegens
902 4249 1059 4324 Bambergii
1080 4250 1297 4310 dissertationem
1319 4252 1382 4310 «De
1401 4252 1509 4310 Raven-

375 4361 439 4418 nate
469 4361 496 4418 et
526 4359 629 4417 Veneto
659 4357 853 4431 Aristophanis
884 4357 1058 4429 Codioibus»,
1080 4374 1188 4416 summa
1208 4375 1270 4417 cum
1293 4358 1432 4432 voluptate
1452 4357 1509 4416 vidi

377 4467 466 4525 virum
493 4466 572 4536 dont,
595 4465 641 4523 ubi
668 4465 701 4523 de
723 4465 855 4538 Equitum
877 4464 936 4522 looo
957 4465 1171 4538 supralaudato
1193 4466 1252 4539 agit
1273 4462 1331 4542 (pg.
1354 4462 1394 4542 3),
1423 4465 1509 4524 obiter

376 4574 405 4632 in
425 4577 490 4634 nota
510 4572 624 4636 eandem
645 4571 827 4635 coniecturam
850 4571 882 4630 οῖ’
900 4575 1058 4646 ὑπερφρονεῖς
1078 4571 1318 4636 commendavisse.
