3466 5536
940 833 985 898 44

400 1025 488 1092 enim
533 1025 587 1093 vir
621 1024 708 1092 doct,
743 1027 893 1093 ostendit
922 1051 988 1094 non
1024 1029 1129 1096 solum
1162 1029 1432 1097 Laurentianum
1467 1029 1524 1096 sed

399 1167 503 1234 etiam
532 1167 740 1252 Parisinum,
777 1170 831 1237 ad
863 1194 996 1260 quem
1030 1193 1173 1258 saepe
1209 1176 1284 1238 est
1318 1171 1524 1238 emenda·

398 1313 477 1377 tus
500 1309 551 1393 L„
575 1310 690 1396 magni
714 1334 787 1378 esse
810 1312 969 1379 momenti
992 1313 1028 1380 in
1051 1317 1150 1380 textu
1173 1313 1394 1381 restituendo.
1418 1313 1524 1378 Plura

399 1451 441 1518 de
464 1451 632 1519 codicibus
655 1452 735 1520 vide
758 1454 848 1542 apud
869 1454 990 1520 Bruhn
1011 1479 1067 1543 pg.
1092 1457 1157 1523 220
1181 1480 1251 1546 sqq.

443 1737 512 1805 Ad
545 1761 605 1806 va.
642 1740 751 1806 227:

598 1881 644 1945 κεί
667 1881 724 1958 μὲν
746 1880 895 1962 Φοβεῑται
918 1883 1100 1961 τοὺπίκλημ
1124 1882 1276 1960 ὑπεξελὼν

599 2025 688 2097 αὐτὸς
710 2024 784 2090 καθ’
809 2027 899 2092 αὑτοῦ
933 2031 1075 2092 πείσεται
1097 2026 1158 2108 γὰρ
1182 2025 1260 2090 ἄλλο
1284 2026 1342 2104 μὲν

599 2168 747 2247 οὶττεργὲς
769 2167 866 2242 οὐδέν,
890 2178 948 2247 γῆς
970 2167 1122 2235 ὑόὑπειτιν
1144 2170 1301 2251 ἀσφαλής.

445 2308 566 2376 Omnes
613 2309 838 2395 coniecturas,
885 2312 1005 2400 quibus
1051 2312 1107 2378 hio
1150 2312 1241 2379 loous
1277 2316 1421 2382 vexatus
1456 2316 1524 2396 est,

400 2473 597 2518 enumerare
622 2453 832 2541 supersedeo.
856 2453 944 2520 Vide
968 2454 1066 2522 Jebb.

445 2593 536 2676 Quid
558 2617 639 2662 vero
662 2595 722 2661 hoo
742 2595 813 2662 loeo
837 2596 1008 2683 signifieat
1030 2594 1207 2672 ὑπεξελώνῬ

444 2739 616 2805 Demosth.
652 2740 755 2823 XIX,
793 2741 835 2805 78
869 2738 1012 2826 legimus
1047 2740 1084 2812 ὥς
1119 2738 1165 2820 ἄρ’
1196 2739 1283 2817 ὑμεῖς
1313 2742 1370 2802 τῶν
1393 2739 1470 2803 ἰδίων
1493 2763 1523 2804 τι

400 2879 564 2959 κτημάτων
599 2880 983 2963 ὑπεξαιρούμενοι
1017 2883 1088 2957 κτὲ,
1122 2883 1181 2950 ubi
1216 2880 1449 2964 ὑπεξαιρεῖσθαι
1472 2906 1524 2950 ex·

399 3026 520 3114 plicari
543 3030 656 3113 potest
683 3026 795 3110 „elam
817 3026 1059 3111 intervertere,
1082 3026 1293 3094 subducere‘’
1317 3027 1526 3094 cf.E1.1420

401 3167 579 3249 παλίρρυτον
623 3167 684 3249 γαρ
725 3163 794 3246 αἷμ’
829 3167 1131 3250 ὑπεξαιροῦσι
1165 3171 1222 3232 τῶν
1256 3165 1270 3249 f
1302 3165 1467 3232 κτανόντων
1500 3168 1526 3232 οἱ

400 3308 502 3375 ποὶλαι
526 3308 680 3383 θανόντες.

444 3453 563 3520 Paullo
598 3453 664 3520 alio
699 3478 799 3521 sensu
831 3455 960 3542 aceepit
984 3456 1122 3521 verhum
1146 3451 1315 3534 ὑπεξαιρεῖν
1337 3454 1526 3540 Kennedy‚

399 3596 457 3684 qui
487 3596 596 3664 vortit
632 3595 786 3683 „having
820 3596 1058 3684 suppressed'’.
1094 3595 1201 3683 Fugit
1233 3595 1378 3662 fortasse
1414 3595 1526 3662 virum

400 3739 534 3805 doctum
567 3739 654 3806 hane
690 3739 969 3826 significationem
1003 3737 1143 3826 pulchre
1178 3737 1369 3805 confirmari
1402 3736 1473 3803 looo
1508 3759 1548 3820 e·

401 3881 552 3949 scholiis:
589 3881 698 3949 Sohol.
734 3881 805 3948 soil.
841 3881 893 3948 El.
930 3882 994 3948 975
1029 3881 1113 3947 haec
1147 3880 1251 3946 habet
1285 3879 1331 3952 τίς
1365 3877 1426 3959 γαρ
1458 3879 1525 3942 ποτ’

399 4026 508 4088 οἰστῶν·
539 4021 590 4106 ὑρκ
625 4026 654 4088 ἐν
687 4023 780 4105 τούτῳ
804 4025 845 4105 τῷ
869 4023 948 4105 λόγῳ
971 4024 1030 4116 τὰς
1054 4025 1257 4105 ἐπιχειρήσεις
1279 4032 1333 4098 τῆς
1356 4023 1525 4104 Ἠλέκτρας

400 4166 444 4232 ὑτι
478 4165 584 4231 ταντα
617 4164 754 4231 τέθεικεν
789 4167 830 4232 τοὶ
861 4164 975 4244 ἀγαθοὶ
997 4165 1076 4247 ὑπερ
1099 4167 1208 4238 αὑταῖς
1231 4165 1384 4245 παρέσται
1407 4162 1526 4229 οὶνελοὺ-

400 4332 469 4382 ταις
492 4310 541 4373 τὸν
566 4306 731 4386 Αἴγισθον,
754 4309 797 4373 τοὺ
820 4307 940 4390 δ’ἕτερα
973 4307 1215 4390 ὑπεξῄρνκεν
1249 4307 1337 4371 ὑποῖα
1369 4305 1522 4371 πείσονται

400 4451 538 4516 αλοὺσαι·
575 4456 609 4519 et
643 4452 748 4519 infra:
784 4453 856 4515 αλλ’
892 4451 955 4532 ᾔδει
977 4452 1011 4515 τὸ
1036 4449 1201 4531 περίφοβον
1223 4458 1277 4525 τῆς
1300 4447 1525 4531 Χρυσοθέμιδος

400 4597 476 4662 ὥστε
511 4598 618 4661 ἑκοὺτα
651 4595 719 4668 τοὺς
753 4596 935 4677 δεινοτέρους
969 4599 1025 4660 τῶν
1060 4593 1154 4671 λόγων
1192 4592 1349 4669 ὑπεξεῖλεν
1384 4594 1448 4657 κτὲ.
1491 4593 1528 4662 Si
