3490 5540
218 1027 359 1096 rendam
405 1051 447 1096 ex
494 1027 542 1096 eis
587 1051 675 1118 quae
716 1017 792 1094 'dixi
833 1030 952 1118 liquet.
1000 1029 1041 1096 of.
1085 1027 1123 1095 Ο.
1162 1027 1204 1095 R.
1252 1028 1349 1096 1530.

261 1175 384 1263 Itaque
436 1173 524 1262 quod
559 1173 732 1240 contendit
773 1173 914 1258 Madvig
959 1173 1061 1240 factis
1113 1173 1348 1255 confirmatur;

218 1318 409 1384 addendum
442 1323 557 1386 tamen
600 1322 676 1385 erat
715 1319 810 1398 κερεῖν
847 1315 951 1384 etiam
986 1317 1139 1383 absolute
1180 1314 1260 1404 poni
1294 1315 1350 1383 vel

217 1459 375 1544 coniungi
399 1482 473 1526 cum
497 1457 549 1534 ἐξ,
575 1457 641 1535 ἔξω.

261 1601 315 1666 Ex
338 1601 404 1684 eis,
427 1624 514 1690 quae
538 1602 700 1685 disserui,
725 1605 962 1688 argumentum
984 1601 1130 1669 fortasse
1153 1602 1225 1688 peti
1243 1602 1349 1690 possit

217 1766 277 1809 cur
307 1768 358 1813 vs.
391 1744 523 1811 74-75
553 1744 698 1831 vulgata
728 1745 873 1826 tuenda,
904 1767 1013 1832 neque
1037 1767 1111 1810 cum
1134 1731 1291 1810 Bentleio
1313 1747 1349 1810 et

217 1886 295 1952 aliis
318 1885 499 1971 legendum
523 1885 569 1952 sit
580 1889 633 1949 τοῦ
644 1885 705 1967 γὰρ
718 1884 829 1959 εἰκότος
841 1892 937 1968 περᾷ,
950 1886 1062 1953 deleto
1074 1910 1177 1955 versu
1187 1887 1346 1974 proximo.

216 2028 292 2093 lam
315 2029 420 2112 Jcbb,
444 2028 486 2095 de
509 2028 661 2096 Bentleii
685 2051 789 2115 agens
814 2029 1007 2096 coniectura
1032 2028 1227 2097 adnotavit:
1253 2031 1348 2112 περᾶν

215 2171 302 2238 with
336 2171 394 2238 the
424 2173 577 2257 genitive
600 2173 637 2238 iu
659 2173 729 2240 this
753 2195 851 2240 sense
874 2173 904 2240 is
929 2177 1078 2259 strange.
1103 2174 1142 2240 Ο.
1166 2174 1209 2240 R.
1234 2178 1349 2240 autem

217 2337 266 2382 vs
288 2315 355 2380 674
373 2314 425 2380 ita
444 2313 613 2401 explicare
633 2318 775 2381 conatur
793 2314 892 2398 idem,
912 2319 953 2383 ut
975 2313 1108 2398 περάσῃς
1128 2316 1281 2382 absolute
1301 2315 1348 2382 sit

215 2456 371 2542 positum,
399 2453 499 2534 &ruofi
522 2479 603 2525 vero
626 2458 816 2544 genetivus,
840 2480 939 2545 quem
961 2457 1079 2525 dicunt
1099 2457 1312 2546 partitivum.

260 2599 377 2666 Etiam
411 2600 501 2687 apud
530 2598 744 2687 Aeschylum
773 2623 938 2688 nusquam
967 2603 1063 2682 κερεῖν
1094 2625 1168 2667 cum
1187 2602 1347 2688 genetivo

217 2742 443 2826 construitur,
468 2742 527 2808 sed
550 2746 612 2809 aut
634 2742 787 2809 absolute
809 2742 964 2830 ponitur,
990 2747 1051 2810 aut
1072 2743 1165 2828 regit
1184 2745 1347 2812 accusati-

217 2906 310 2967 vum,
336 2887 397 2950 aut
419 2883 575 2968 iungitur
598 2908 673 2951 cum
694 2885 943 2973 praepositione
966 2883 1019 2970 ε’ξ,
1043 2887 1100 2956 vel
1124 2884 1184 2954 aa

154 3091 158 3096 .
261 3027 336 3092 Duo
360 3029 474 3092 tamen
494 3032 695 3114 argumenta
714 3027 882 3115 Madvigii
901 3028 1128 3095 coniecturam
1148 3029 1344 3096 debilitant:

215 3168 248 3253 a)
284 3192 463 3257 numquam
497 3169 675 3258 Sophocles
711 3195 791 3238 usus
828 3174 881 3238 est
903 3173 1006 3240 verbo
1029 3171 1176 3254 ἐκπερᾶν;
1200 3173 1232 3260 b)
1255 3175 1346 3263 apud

215 3309 429 3399 Aeschylum
450 3316 506 3379 ter
528 3312 676 3399 legitur,
697 3335 828 3400 semper
848 3335 927 3381 vero
947 3336 1021 3378 curn
1040 3314 1129 3380 nudo
1152 3317 1345 3386 accusativo

214 3451 270 3538 (cf.
294 3455 376 3520 Eur.
400 3455 535 3544 Hippcl.
560 3457 626 3522 824
648 3456 815 3536 §asspirat
838 3459 923 3533 κῦμα
946 3455 1037 3531 τῆσδε
1060 3461 1245 3543 συμφορεῖς).

257 3594 444 3663 Praeterea
474 3597 657 3664 tenendum
688 3605 741 3665 est
773 3620 873 3686 saepe
901 3603 1018 3685 poetas
1049 3599 1129 3667 novi
1156 3604 1192 3667 et
1213 3601 1343 3669 insoliti

214 3737 345 3825 aliquid
379 3739 444 3806 sibi
475 3741 678 3829 permisisse.
715 3743 753 3809 0.
785 3742 828 3810 R.
860 3744 926 3808 825
953 3765 981 3809 e.
1005 3766 1038 3829 g.
1063 3742 1248 3821 ἐμβατεύειν
1271 3768 1343 3811 con·

214 3882 361 3949 struitur
396 3907 470 3950 cum
511 3885 686 3970 genetivo,
729 3907 895 3974 nusquam
932 3908 1013 3952 vero
1049 3885 1149 3971 alibi;
1185 3886 1344 3954 similiter

213 4024 372 4102 ἐμβαίνειν
394 4027 547 4094 iunctum
569 4051 644 4094 cum
665 4024 732 4109 ὅρων
754 4028 884 4114 legitur
908 4029 946 4095 0.
971 4027 1007 4094 C.
1019 4029 1096 4094 400.
1117 4028 1159 4096 cf.
1172 4029 1253 4095 ibid.
1266 4031 1340 4096 924.

257 4168 296 4234 Ο.
326 4170 369 4236 R.
403 4171 468 4236 657
490 4170 645 4236 meliores
669 4170 799 4236 codices
822 4171 989 4258 praebent
1011 4169 1226 4247 ἐκβαλεῖν,
1249 4171 1341 4238 dete·

212 4311 320 4378 riores
343 4315 379 4378 et
401 4311 524 4379 Suidas
548 4311 710 4389 βαλεῖν,
730 4312 818 4400 quod
829 4315 1030 4399 receperunt
1040 4311 1173 4391 Nauck,
1185 4312 1340 4395 Dindorf,

211 4453 376 4537 Wunder,
394 4480 426 4523 v.
446 4455 666 4538 Herwerden,
687 4455 758 4521 alii.
780 4454 871 4523 Cave
892 4458 1005 4520 autem
1023 4478 1066 4521 ne
1086 4453 1274 4521 inconsulte
1286 4455 1339 4521 El.

214 4597 279 4663 569
310 4594 511 4672 ἐκκομπάσας
534 4595 605 4668 ἔπος
628 4620 657 4659 τε
680 4595 833 4676 τυγχάνει
857 4595 961 4673 βαλών
984 4620 1044 4684 pro
1067 4595 1172 4673 βαλών
1194 4596 1340 4663 conicias
