3466 5536
958 805 1001 875 36

413 1007 501 1096 quod
534 1007 700 1095 praebent
734 1005 872 1072 codices.
897 1005 938 1072 cf.
964 1005 1025 1070 οὶτὸ
1049 1003 1204 1082 γλώττης,
1229 1002 1290 1068 aaa
1317 1001 1481 1080 ττόμιιτος.
1510 1001 1541 1088 ¹)

457 1148 555 1216 Vitia
597 1147 676 1216 inde
709 1152 786 1216 orta
819 1147 907 1236 quod
951 1146 1039 1214 male
1084 1146 1339 1214 diremebantur
1382 1145 1539 1228 litterae,

412 1290 536 1380 ubique
569 1290 800 1359 inveniuntur.
836 1289 891 1357 Sic
915 1288 971 1357 Αἱ.
996 1291 1060 1357 579
1083 1312 1144 1378 pro
1166 1288 1355 1357 necessario
1377 1285 1429 1352 aa}
1451 1287 1540 1364 δῶμα

413 1432 532 1499 τιὶιιτοο
555 1433 591 1500 in
613 1433 845 1500 Laurentiano
868 1433 998 1520 legitur
1018 1433 1163 1500 absurde
1181 1432 1258 1512 δῶμ’
1280 1430 1437 1506 οὶτιὶκτοιι,
1457 1431 1537 1499 ibid.

413 1579 479 1644 620
497 1577 572 1643 iure
591 1599 631 1643 ex
649 1576 875 1644 Laurentiani
894 1581 1053 1666 corrupta
1064 1577 1208 1644 lectione
1221 1575 1327 1657 ἄφιλοι
1339 1574 1426 1658 nupt
1438 1573 1540 1656 Φίλοις

416 1723 602 1786 correctum
636 1722 689 1785 est
724 1716 829 1797 aitrau
864 1719 936 1799 παρ’
972 1716 1106 1799 ἀφίλοις.
1148 1718 1331 1786 Pulchrum
1365 1718 1539 1786 invenitur

415 1859 602 1948 exemplum
631 1858 687 1925 Αἱ.
722 1860 808 1926 1056
839 1862 877 1933 ὥς
907 1859 968 1924 ἕλοι
998 1858 1091 1942 δέρεις
1123 1860 1171 1926 ibi
1203 1860 1291 1928 enim
1312 1859 1405 1948 prior
1430 1860 1537 1928 Schol.

414 2000 547 2068 addidit
569 1999 675 2083 γράφε
694 2004 732 2075 ὥς
751 2001 907 2084 ἐλοιδόρεις
930 2003 1019 2070 alter
1038 2006 1152 2069 autem
1171 2001 1321 2090 ineptam
1339 2001 1426 2069 hano
1444 2001 1539 2069 lecti·
1593 2057 1600 2066 .

413 2167 508 2210 onem
532 2145 700 2232 explicare
723 2170 789 2212 non
813 2145 1001 2214 dubitavit:
1025 2147 1063 2218 ὡς
1083 2143 1299 2226 λοιδορούμενος
1319 2143 1538 2223 ἐπηγγείλατο·

414 2290 517 2351 τοῦτο
546 2286 607 2368 γὰρ
638 2281 720 2353 εἶτεν
743 2289 757 2352 ὁ
782 2287 871 2362 Αἴας.
903 2289 978 2356 Non
1001 2289 1110 2355 minus
1136 2293 1329 2376 corruptum
1353 2292 1406 2355 est
1429 2288 1537 2356 Schol.

413 2430 467 2497 El.
511 2432 593 2514 635,
636 2431 694 2497 ubi
737 2431 880 2498 ridicule
921 2432 1051 2518 legitur
1086 2429 1200 2496 ἕτίτοιι
1235 2430 1343 2512 ὅττριοι
1376 2437 1437 2519 pro
1472 2428 1540 2494 ἐπεὶ

414 2569 603 2654 τοοιόττιριοι,
634 2573 723 2662 quod
746 2574 901 2641 restituit
924 2573 1050 2640 Corais.
1077 2574 1114 2640 Ο.
1139 2575 1180 2640 R.
1204 2574 1272 2640 484
1293 2596 1354 2661 pro
1376 2571 1460 2637 δεινοὶ
1483 2573 1540 2650 μὲν

414 2707 460 2778 οὖν
495 2737 569 2780 oum
603 2714 757 2781 Nauckio
791 2715 922 2781 omnino
956 2715 1182 2803 reponendum
1219 2720 1271 2784 est
1293 2714 1376 2781 δεινοὶ
1400 2739 1441 2793 με
1463 2719 1538 2789 ιοῖιν,

413 2857 494 2924 ibid.
520 2859 586 2925 570
608 2881 667 2945 pro
691 2857 725 2922 τὸ
748 2855 796 2922 τόν
820 2882 894 2925 cum
914 2858 1108 2925 Hermanno
1124 2857 1226 2933 τόσον,
1247 2864 1288 2927 ut
1307 2860 1365 2928 Tr.
1387 2861 1444 2946 53;
1458 2860 1539 2928 ibid.

415 3001 501 3068 1267
524 2999 607 3065 δεινοὶ
630 2995 706 3074 δ’ἦι
729 2997 870 3064 τάνθένδ’
896 3002 963 3081 ι’ρῖοι
979 3007 1118 3090 propter
1136 3003 1289 3071 voculam
1308 3002 1335 3067 δ’
1349 3007 1541 3095 suspectum

415 3147 467 3210 est
493 3143 702 3230 (Heimsoeth
726 3143 850 3224 σχέτλι’
874 3139 924 3218 ἦν,
945 3145 1124 3213 Wecklein
1142 3145 1252 3211 δειλοί
1269 3141 1318 3221 ἦν,
1339 3147 1399 3214 alii
1412 3147 1539 3233 aliter).

413 3287 573 3354 Fortasse
606 3291 762 3376 praestat
806 3287 980 3355 lenissima
1015 3289 1176 3357 correctio
1212 3284 1276 3364 δῆν
1313 3290 1368 3376 (=
1403 3291 1438 3366 δὴ
1482 3286 1539 3378 ἧι).

413 3429 552 3496 Memini
582 3429 763 3497 ridiculum
794 3453 847 3497 me
877 3430 959 3498 talis
989 3431 1068 3499 vitii
1099 3433 1286 3520 exemplum
1316 3434 1431 3520 legere
1451 3433 1542 3521 apud

414 3572 519 3640 Cobet
544 3572 727 3659 (Brieven).
752 3573 794 3639 In
816 3573 898 3639 Eur.
921 3573 1022 3640 Herc.
1047 3573 1113 3641 fur.
1138 3574 1215 3641 olim
1240 3576 1404 3642 edebatur
1427 3577 1540 3640 Ἀκτιν-

415 3713 492 3780 &tau
526 3737 573 3787 τις
607 3711 716 3779 εἴπαθ’
752 3715 777 3779 οἱ
810 3714 1007 3781 κοιτοιττὲιοιι
1043 3717 1199 3785 restituit
1223 3716 1263 3785 G.
1289 3718 1417 3786 Cantor
1439 3716 1460 3783 ι”ι
1483 3715 1541 3782 κᾶν

412 3855 489 3922 θεῶν
512 3880 574 3930 τις,
599 3856 624 3921 εἰ
648 3853 763 3930 uoltu,
783 3857 972 3923 κοιτοιοτέιοι.
996 3858 1046 3926 Of.
1067 3863 1248 3948 praeterea
1266 3859 1412 3928 Aristot.
1435 3860 1538 3928 Rhet.

412 4003 432 4068 I
457 4003 515 4069 13.
540 4003 577 4085 2,
614 3999 673 4066 ubi
695 4023 755 4087 pro
779 4004 935 4089 corrupto
959 4002 1055 4080 αὐτῆς
1078 4001 1146 4068 iam
1169 4003 1323 4088 Scaliger
1347 4003 1540 4070 acutissime

413 4144 568 4213 restituit
602 4137 641 4207 οὗ
668 4151 735 4222 γῆς.
766 4144 873 4210 Plura
902 4145 1056 4213 invenias
1081 4145 1171 4234 apud
1195 4144 1372 4214 Wecklein
1394 4145 1430 4212 in
1452 4145 1540 4212 libro

414 4286 547 4375 saepius
570 4286 709 4352 laudato
732 4308 788 4375 pg.
815 4286 856 4353 18
880 4310 949 4375 sqq.

456 4475 483 4551 1)
505 4474 618 4532 Inversa
638 4474 742 4533 ratione
762 4475 828 4533 Eur.
851 4474 910 4532 Ion.
932 4472 969 4532 58
990 4474 1130 4542 Badhan,
1151 4476 1282 4549 probatus
1301 4477 1336 4534 ab
1353 4474 1543 4551 Eorundem,

411 4598 460 4658 pro
480 4580 580 4640 tradito
600 4583 657 4634 ιιτο
678 4581 794 4640 coniecit
815 4583 882 4644 ιιτο,
