3490 5540
913 815 977 880 116

380 1013 549 1081 horrende
581 1011 792 1101 praesensio,
828 1010 925 1080 velut
955 1009 1067 1076 tristis
1093 1008 1219 1095 caligo,
1243 1007 1413 1073 infelicem
1435 1027 1512 1092 per-

379 1159 500 1225 turbet
523 1157 704 1245 Oedipum:
729 1155 812 1222 haec
835 1157 888 1221 est
911 1176 1029 1236 cause,
1053 1175 1113 1218 cur
1137 1151 1247 1219 subito
1271 1150 1441 1216 irascetur
1470 1147 1511 1230 ¹),

382 1303 512 1388 speret,
537 1299 667 1366 timeat.
693 1299 848 1385 Semper,
869 1301 910 1363 ut
930 1317 1032 1383 supra
1044 1263 1321 1382 exposui,fetum
1335 1293 1515 1379 exspectat

380 1442 574 1523 imminens,
596 1440 725 1508 enimus
748 1437 909 1505 macroris
933 1458 1119 1524 praesagus
1146 1434 1177 1521 2)
1201 1437 1364 1523 perpetuo
1387 1432 1516 1520 premii:

383 1583 521 1649 horrore
544 1582 770 1649 miserrimum
793 1580 967 1647 hominem.

426 1725 469 1791 In
500 1723 672 1792 vocabulis
703 1723 716 1786 ὁ
747 1725 825 1787 τᾶοι
854 1723 967 1794 κλεινὸς
991 1720 1134 1792 Οἰδίπους
1158 1723 1271 1786 audem
1295 1719 1405 1785 inesse
1428 1717 1516 1782 mihi

382 1867 520 1935 videtur
553 1865 679 1948 ironis,
716 1888 797 1934 vere
827 1865 978 1951 tragica,
1004 1885 1104 1952 quam
1128 1862 1199 1950 ipse
1223 1861 1329 1929 sentit
1353 1859 1513 1947 Oedipus.

382 2009 500 2076 Nonne
534 2008 646 2097 potius
683 2008 738 2075 hic
771 2029 890 2075 versus
926 2007 973 2073 sic
1009 2005 1226 2093 explicandus
1262 2004 1346 2070 erit:
1387 2003 1399 2065 ὃ
1435 2004 1516 2066 rdet

383 2151 481 2234 (αλλ’
507 2151 573 2214 οὐκ
605 2151 619 2214 ἕ
628 2149 712 2230 μοι’)
736 2147 866 2232 κλεινός,
891 2151 931 2214 ui
954 2149 1048 2215 dicct
1071 2171 1147 2214 rex:
1173 2170 1253 2234 ego,
1280 2170 1378 2235 quem
1400 2168 1514 2212 omnes

384 2295 462 2380 (non
496 2318 577 2362 vero
611 2317 673 2380 ego
706 2293 797 2381 ipse,
831 2293 953 2381 quippe
987 2292 1046 2380 qui
1076 2292 1196 2358 melius
1227 2313 1341 2356 rerum
1363 2311 1517 2355 mearum

384 2441 512 2505 statum
545 2437 708 2520 noverim)
738 2440 862 2504 vocent
893 2436 1022 2502 clarum
1056 2435 1153 2500 illum
1188 2433 1361 2521 Oedipum.
1404 2430 1511 2514 Vide,

385 2603 485 2668 quem
514 2581 654 2668 pulchre
685 2602 793 2668 pauca
824 2580 988 2648 vocabule
1018 2582 1128 2644 totum
1157 2576 1260 2643 enimi
1290 2575 1517 2643 conditionem

384 2723 545 2810 pingent,
571 2722 600 2789 si
623 2722 718 2788 modo
741 2724 834 2788 recte
858 2721 1134 2809 iuierpretamur.
1155 2719 1331 2806 Nusquam
1342 2715 1516 2805 pulchrius

387 2888 534 2933 summus
569 2867 669 2952 poeta
699 2863 876 2930 confirmet
906 2862 1057 2946 leudem,
1082 2885 1182 2950 quem
1205 2861 1349 2947 legimus
1373 2860 1409 2924 in
1431 2837 1525 2926 Vite

369 3063 595 3074 ---

428 3189 455 3260 1)
476 3187 537 3245 «Er
557 3183 649 3264 (Oed.)
669 3185 707 3244 ist
725 3185 964 3244 leidenschaftlich
983 3185 1026 3243 bis
1048 3203 1111 3242 zum
1132 3185 1399 3256 Selbstvergossen.»
1420 3183 1452 3240 F.
1471 3183 1519 3240 W.

384 3293 508 3353 Schmidt
527 3293 599 3351 Krit.
620 3293 696 3351 stud.
718 3311 752 3351 zu
774 3293 825 3351 den
847 3293 891 3351 Gr.
913 3293 1008 3350 Dran.
1031 3293 1047 3350 I
1067 3309 1130 3366 pag.
1154 3292 1218 3350 156.

426 3400 487 3458 «Er
505 3400 541 3458 ist
561 3401 620 3458 also
644 3401 739 3470 resch,
761 3400 1013 3473 leidenschaftlich,
1034 3397 1269 3474 eigensinnig»(?)
1291 3398 1523 3456 Wolff-Beller-

386 3522 470 3563 mann
492 3523 538 3580 pg.
563 3507 628 3565 139.

426 3614 526 3671 Schdtz
548 3613 577 3670 in
600 3613 668 3672 libro
689 3613 801 3671 laudato
821 3629 869 3686 pg.
890 3612 928 3672 98
950 3613 1052 3686 Oedipo
1072 3613 1232 3688 exprobret:
1250 3610 1525 3685 thzom,Neigung

386 3738 421 3777 zu
452 3720 684 3792 unbegrdndetem
716 3721 891 3778 Misstraucn.
912 3719 983 3776 idem
1005 3736 1052 3793 pg.
1074 3720 1128 3778 99:
1147 3719 1238 3792 jedem
1257 3692 1523 3792 angenblicklichem

385 3826 481 3885 Triebe
502 3826 591 3886 seiner
611 3827 762 3900 ellerdings
782 3827 876 3885 edelen
896 3826 987 3884 Natur
1007 3827 1083 3899 giebt
1103 3843 1132 3884 er
1153 3825 1212 3883 sich
1223 3826 1292 3884 ohne
1302 3823 1452 3883 Bedcnkun
1462 3824 1523 3881 hin.

429 3960 457 4040 2)
479 3980 553 4021 «von
584 3962 659 4021 einer
689 3963 898 4034 demonischen,
929 3963 985 4019 ihm
1017 3963 1103 4020 selbst
1132 3961 1326 4018 unbewuszten
1358 3959 1525 4032 Aufregung

384 4070 537 4143 ergriffcn.»

1041 4145 1366 4206 Schneidewin—Nauck
1386 4163 1432 4220 pg.
1454 4147 1481 4205 7.

426 4285 468 4344 Cf.
488 4285 616 4342 Eustaih.
638 4284 672 4342 ad
694 4285 710 4340 I
731 4283 789 4342 608
811 4315 847 4323 -
871 4292 950 4338 τοῦτο
970 4255 998 4337 οὲ
1015 4288 1046 4338 τὸ
1064 4283 1128 4345 εἶδος
1146 4286 1189 4336 καὶ
1203 4289 1331 4349 Σοφοκλῆς
1345 4284 1525 4348 μιμησάμενος.

390 4389 421 4447 ὡς
446 4387 490 4438 καὶ
516 4387 586 4438 ἄλλα
612 4393 661 4438 τῶν
684 4385 804 4451 Ὀμήρου,
831 4388 902 4436 τοιεῖ
918 4387 962 4435 τὸν
980 4385 1096 4449 τύραννον
1115 4384 1235 4435 Οἰδίποδα
1255 4382 1279 4434 ἓν
1296 4383 1419 4449 διαφόροις
1435 4387 1524 4442 τότοις

391 4481 483 4532 ἑαυτοῦ
500 4480 698 4544 καταλέγοντα,
725 4479 784 4531 οὔτε
810 4480 912 4540 ἔκοντα,
940 4477 975 4542 ἐξ
1002 4479 1164 4529 ἀκουσίου
1190 4477 1223 4528 δέ
1249 4496 1333 4536 τινος
1358 4477 1523 4542 ψυχικοῦ

389 4577 593 4641 κινήματος
619 4573 690 4627 κτὲ.
