3466 5536
947 835 968 898 2

394 1028 536 1096 effertur
560 1032 595 1096 et
618 1052 692 1095 cum
715 1029 925 1096 contumacia
948 1027 989 1094 de
1014 1027 1159 1094 oraculis
1191 1027 1374 1116 avibusque
1405 1027 1524 1093 futura

393 1171 590 1239 canentibus
615 1171 782 1260 loquitur,
807 1171 925 1238 statim
947 1174 1062 1238 tamen
1088 1170 1200 1237 addit:

794 1355 833 1362 —
860 1311 939 1377 εἴτι
963 1315 1006 1390 μὴ
1030 1315 1119 1393 τώμῷ
1147 1310 1232 1391 πόθῳ

570 1454 758 1537 κκτέφθιθ’·
784 1453 856 1519 οὕτω
880 1453 945 1518 ab
968 1453 1066 1518 &orbo
1091 1453 1134 1527 eia
1159 1451 1193 1528 ἐξ
1216 1449 1299 1530 iaco.
1330 1455 1357 1539 ¹)

439 1598 535 1680 Quae
571 1599 678 1666 verba
711 1621 778 1664 non
812 1599 892 1664 sunt
925 1596 993 1665 viri
1025 1596 1212 1680 fastidiosi,
1248 1596 1327 1662 deos
1361 1598 1524 1684 vatesque

394 1740 654 1824 contemnentis,
691 1740 751 1806 sed
786 1739 968 1807 sollicitum
999 1741 1035 1805 et
1064 1742 1346 1826 praeoccupatum
1375 1738 1524 1826 produnt

396 1883 561 1949 animum:
597 1905 659 1970 per
693 1884 801 1949 totam
834 1881 922 1948 hanc
943 1880 1095 1947 fabulam
1120 1881 1267 1968 Oedipus
1291 1881 1382 1947 mala
1406 1881 1525 1947 futura

392 2025 590 2112 praesagire
612 2025 696 2091 mihi
719 2025 866 2095 videtur.

438 2167 607 2249 Quomodo
637 2191 718 2235 vero
742 2169 905 2254 superbus
930 2166 1067 2232 deorum
1090 2170 1297 2255 contempior
1323 2167 1389 2234 dici
1412 2171 1524 2255 potest

393 2332 454 2374 rex
488 2308 547 2375 ille
582 2309 850 2393 infelicissimus,
886 2309 945 2398 qui
980 2309 1225 2376 imbecillitatis
1257 2309 1423 2376 humanae
1458 2309 1523 2376 sibi

394 2451 561 2534 conscius,
585 2451 644 2538 pia
665 2450 817 2539 loquitur
844 2453 967 2520 verba:

862 2595 935 2656 ἀλλ’
960 2593 1136 2671 ἀναγκάσαι
1157 2593 1246 2668 θεοὺς

597 2733 633 2800 ἂν
657 2737 699 2812 μὴ
722 2734 850 2800 θέλωσιν
873 2736 932 2800 οὐδ’
958 2734 994 2800 clv
1020 2732 1063 2810 εἷς
1088 2735 1201 2800 δύναιτ’
1227 2737 1307 2817 ἀνήρ.
1336 2736 1366 2823 2)

439 2876 476 2943 Si
511 2900 585 2943 oum
604 2877 731 2965 Oedipo
754 2900 981 2965 comparamus
1006 2878 1164 2962 Aiacem,
1189 2881 1286 2966 patet
1311 2901 1364 2944 eos
1390 2900 1522 2961 errare,

374 3217 582 3226 ———--

437 3342 463 3412 1)
485 3342 541 3398 «So
568 3341 631 3400 sehr
651 3342 759 3399 straubt
779 3341 838 3399 sich
857 3341 917 3399 scin
937 3341 1066 3399 srommer
1086 3341 1168 3411 Sinn,
1190 3357 1226 3398 an
1247 3340 1295 3398 der
1315 3340 1460 3398 Wohrheit
1480 3340 1528 3398 der

393 3448 604 3521 thtempr'riohe
630 3466 665 3506 zu
693 3448 830 3520 zweifeln,
860 3448 924 3506 dasz
946 3466 990 3521 er,
1012 3466 1059 3506 um
1080 3448 1120 3506 sie
1140 3447 1170 3504 iu
1191 3447 1283 3505 Ehren
1304 3465 1339 3504 zu
1359 3447 1470 3518 holten,
1492 3464 1527 3504 zu

392 3553 650 3628 Spitzfindigkeiten
670 3555 745 3614 scine
766 3555 894 3613 Zufluoht
913 3556 1043 3612 nimmt».
1237 3553 1350 3624 Nauck,
1372 3571 1417 3626 pg.
1440 3554 1487 3612 14.

433 3663 517 3721 «Wie
544 3663 633 3736 wenig
659 3662 713 3721 tief
736 3663 785 3720 das
813 3663 996 3735 (oraculomm
1017 3658 1202 3738 contemptus)
1222 3661 1303 3734 geht,
1325 3661 1398 3732 zeigt
1419 3661 1477 3718 sich
1498 3660 1527 3717 in

393 3770 482 3827 seiner
501 3769 606 3828 Furcht
626 3787 674 3828 vor
694 3770 814 3843 Merope:
836 3769 985 3842 cigentlioh
1005 3769 1102 3842 gloubi
1121 3786 1150 3827 er
1170 3769 1237 3826 eben
1258 3768 1358 3829 doch».

1118 3876 1231 3943 Bruhn‚
1253 3874 1287 3932 ad
1309 3875 1341 3932 Ο.
1362 3875 1395 3932 R.
1417 3873 1484 3932 964.

437 3982 466 4060 ²)
486 3984 527 4041 De
547 3983 683 4041 scatentia
703 3983 738 4041 cf.
761 3983 793 4040 0.
815 3983 844 4041 G.
866 3982 924 4040 252
945 3999 1022 4056 sqq.:

676 4085 701 4134 οό
720 4087 769 4149 γὰρ
785 4084 849 4143 'loom
866 4085 895 4134 ab
912 4085 992 4148 ἀθρῶν
1011 4087 1100 4149 βροτὸν
1118 4085 1188 4142 ὅστις
1205 4084 1248 4146 za,

875 4179 897 4227 εἰ
914 4179 973 4236 θεὸς
991 4178 1066 4246 byei,

435 4279 558 4344 ἐκφυγεῖν
576 4280 686 4332 δύναιτο.
704 4276 746 4334 Do
765 4275 954 4334 imbecillitate
974 4277 1095 4334 humana
1115 4277 1168 4335 vid.
1187 4277 1234 4334 Αἰ.
1256 4273 1310 4335 125
1332 4280 1378 4344 ὁρῶ
1395 4281 1445 4344 γὰρ
1464 4278 1530 4341 ἡμᾶς

395 4387 466 4437 οὐδὲν
481 4386 558 4445 ’ὄντας
578 4387 643 4436 ἄλλο
661 4387 727 4444 πλὴν
739 4389 746 4452 J
756 4385 849 4452 εἴδωλ’,
864 4385 917 4435 ὅσοι
936 4403 980 4450 περ
996 4386 1093 4456 ζῶμεν,
1109 4387 1123 4445 ’ἦ
1138 4387 1233 4450 κούφην
1248 4386 1330 4438 σκιάν.
1340 4381 1530 4454 (ilpraeiel'ca

395 4488 428 4546 Ο.
455 4490 489 4546 a.
518 4489 596 4547 1186
623 4505 693 4561 sqq.,
721 4487 766 4544 li.
789 4488 863 4558 383,
884 4489 958 4559 455,
980 4489 1032 4560 frg.
1056 4490 1129 4558 656,
1151 4487 1226 4564 682,
1247 4489 1381 4560 Limburg
1401 4488 1531 4545 Brouwer

394 4612 440 4668 pg.
462 4597 516 4665 30,
538 4597 585 4654 35.
