3466 5536
946 788 990 852 48

403 977 500 1044 chum
539 981 614 1064 „De
638 981 722 1048 Vita
745 981 1008 1068 Pythagorioa’'
1035 983 1098 1064 (ed.
1121 983 1267 1060 Nauck.)
1298 984 1368 1050 scil.
1393 1006 1447 1071 pg.
1471 986 1530 1066 42,
1546 1054 1566 1061 ,,

404 1121 425 1186 8
460 1121 625 1202 πονροιοτοὶς
666 1121 898 1200 συνεβούλευσεν
939 1124 1033 1189 εἰπεῖν
1074 1128 1115 1206 τῷ
1155 1123 1210 1202 βοῒ
1240 1128 1319 1190 τῶν
1353 1124 1529 1203 κυοέμων

404 1261 676 1344 οέννέχεοθονν
700 1270 736 1333 et
756 1288 812 1354 pg.
838 1268 898 1350 80,
924 1270 944 1334 7
968 1266 1221 1348 κοοικυοέμυν
1255 1266 1528 1349 ἀπέχεσθαι

405 1405 458 1470 διὰ
481 1405 603 1480 πολλὰς
628 1449 659 1456 -
692 1407 805 1481 atalae.

452 1549 554 1616 Tales
588 1571 669 1617 vero
703 1549 857 1636 genetivi
885 1554 978 1618 reete
1002 1551 1215 1640 explicantur
1239 1552 1416 1621 omissione
1438 1576 1530 1622 voea-

403 1689 491 1774 buli,
527 1691 626 1779 quale
661 1695 714 1758 est
748 1691 837 1772 μέρος
868 1692 910 1759 cf.
947 1693 1030 1760 Eur.
1079 1693 1166 1760 Med.
1200 1695 1267 1760 284
1309 1692 1529 1772 ξυμβάλλεται

403 1830 437 1896 δὲ
471 1832 577 1896 πολλοὶ
610 1833 698 1898 τοῦδε
732 1833 892 1910 δεέμοντος,
926 1835 985 1900 ubi
1017 1840 1108 1903 recte
1136 1834 1172 1903 C.
1203 1837 1337 1925 Kuiper
1366 1837 1528 1926 interpre-

402 1979 515 2055 tatur,
563 1978 664 2062 „vele
706 1977 1007 2063 omstandigheden
1049 2000 1179 2063 voegen
1217 1999 1283 2044 aan
1327 1979 1383 2046 die
1433 2003 1528 2048 vrees

402 2119 468 2187 iets
501 2123 572 2203 toe,
609 2119 739 2206 dragen
773 2143 811 2186 er
842 2143 902 2187 een
933 2121 1009 2188 deel
1033 2122 1131 2189 van.’‘
1156 2120 1309 2188 Additur
1332 2120 1420 2202 μέρος
1444 2122 1527 2209 Lys.

403 2263 518 2346 XXX,
544 2264 604 2329 16:
637 2266 689 2326 τοῦ
720 2262 776 2340 μὲν
806 2261 868 2344 γὰρ
903 2263 984 2336 ὑμᾶς
1019 2267 1130 2344 Φυνεῖν
1152 2263 1286 2346 μέρος
1309 2288 1350 2329 το
1372 2264 1425 2330 xxi
1449 2261 1527 2337 οὗτος

401 2404 588 2482 ουνέβοολενο
623 2405 790 2493 (Kuiper).
828 2405 869 2472 cf.
901 2404 1046 2473 Aristot.
1085 2406 1171 2472 1458
1184 2407 1220 2485 b,
1249 2407 1265 2472 l
1291 2406 1341 2470 οὐκ
1364 2404 1527 2487 έλοέχνοτον

402 2547 435 2611 δέ
459 2546 548 2628 μέρος
572 2544 795 2624 συμβάλλετον
819 2547 861 2620 εἷς
884 2548 918 2612 τὸ
941 2547 1044 2628 οοοφές
1066 2557 1121 2624 τῆς
1140 2546 1249 2624 λέξεως
1268 2549 1332 2621 κτέ,
1346 2549 1384 2615 Ο.
1398 2551 1440 2616 R.
1454 2550 1525 2616 294.

445 2688 552 2756 Plura
575 2688 727 2778 exempla
750 2689 920 2776 genetivi,
945 2713 1044 2778 quem
1068 2690 1185 2757 dicunt
1207 2690 1428 2779 partitivum,
1451 2690 1526 2760 vide

402 2831 492 2920 apud
525 2830 635 2898 Wolff
666 2831 708 2897 ad
741 2831 778 2897 Ο.
799 2832 841 2897 R.
867 2833 948 2914 709,
973 2831 1028 2919 qui
1053 2830 1144 2897 locus
1169 2830 1327 2898 similiter
1350 2835 1403 2898 est
1426 2830 1526 2918 expli·

402 2972 537 3039 candus.
572 2971 718 3057 Legitur
753 2972 857 3039 enim:
893 2971 945 3036 κον)
980 2969 1063 3049 μέθ’
1098 2969 1188 3038 οὕνεκ’
1224 2971 1291 3037 έοτέ
1323 2996 1367 3038 σον
1398 2971 1528 3055 βρότειον

402 3114 483 3178 οὐδὲν
506 3123 654 3192 μοοντνκῆς
679 3113 751 3195 έχον
774 3114 904 3195 τέχνης,
927 3115 986 3181 nbi
1010 3114 1123 3196 τέχνης
1145 3119 1238 3182 reete
1262 3138 1297 3182 se
1316 3115 1430 3182 habet.
1453 3115 1527 3183 Non

402 3258 490 3324 enim
523 3257 610 3324 faeio
644 3281 719 3324 eum
750 3258 957 3340 Hermanno,
988 3257 1047 3346 qui
1070 3258 1159 3325 huno
1181 3256 1290 3325 lorum
1311 3257 1348 3324 in
1372 3257 1527 3346 suspicio-

401 3423 478 3466 nem
511 3404 627 3484 vocat,
662 3399 750 3488 quod
784 3399 914 3475 μοιντνκέρ
949 3399 1045 3480 τέχνν
1080 3424 1146 3467 non
1180 3401 1349 3489 copiae
1385 3400 1526 3467 alicuius

400 3541 569 3608 notionem
602 3541 766 3625 continet,
803 3542 844 3608 ef.
880 3541 970 3608 Plat.
994 3541 1139 3608 Phaedr.
1175 3543 1271 3609 244e
1294 3543 1310 3616 ἡ
1335 3540 1432 3618 μοινίνι
1455 3542 1471 3616 ἦ
1494 3541 1528 3606 έν

401 3682 472 3749 θεοῦ
496 3683 657 3762 ρνννομένν
681 3681 791 3758 ἐξοέννν
818 3688 900 3747 πονεῖ
918 3683 967 3748 τὸν
1003 3683 1166 3758 έοοντῆς
1205 3680 1375 3762 έχοννοο

444 3827 548 3895 Alter
582 3828 674 3894 loeus
709 3826 768 3892 ubi
803 3824 888 3906 έχενν
930 3848 1004 3893 eum
1037 3824 1127 3891 nudo
1162 3825 1317 3912 iungitur
1351 3826 1525 3911 genetiv0‚

399 3971 552 4058 Lysistr.
588 3969 658 4036 scil.
698 3971 761 4035 173
793 3969 928 4041 οπουδῖος
959 3967 1077 4051 έχοντν,
1109 3968 1226 4056 procul
1249 3968 1348 4035 dubio
1372 3970 1528 4054 graviter

403 4117 456 4180 est
478 4116 665 4201 corruptua

444 4255 565 4322 Paucis
601 4259 714 4322 autem
746 4255 912 4343 placebit,
948 4255 1036 4344 quod
1070 4254 1142 4321 sine
1171 4255 1375 4323 necessitate
1405 4279 1528 4344 nuper·

400 4397 485 4465 rime
519 4398 662 4465 coniecit
695 4397 831 4463 Bruhn:
864 4397 1011 4475 νέκμοο
1024 4422 1038 4478 ρ
1068 4421 1128 4487 pro
1151 4397 1273 4478 τέχννς.
1298 4397 1410 4464 Minus
1433 4402 1526 4464 reete

400 4540 509 4608 Schol.
545 4541 653 4607 minor
687 4540 795 4607 locum
826 4541 1002 4607 laudatum
1034 4540 1197 4628 explieat:
1222 4537 1266 4605 έτν
1290 4539 1371 4605 οὐδὲν
1395 4538 1527 4622 βρένενέν
