3490 5540
956 847 1000 912 74

458 1040 597 1116 Σκύλλης
621 1041 753 1122 ἔχουσαν
778 1041 962 1122 sypenta
981 1041 1082 1122 Φύτνν,
1102 1065 1166 1130 quo
1187 1045 1342 1130 spectant
1354 1041 1390 1107 in
1403 1041 1538 1107 Medeae

410 1185 624 1274 responsione
648 1185 740 1270 haee,
765 1185 858 1254 diota
881 1209 956 1253 eum
979 1185 1104 1253 ironia:

456 1327 526 1410 πρὸς
549 1332 651 1392 ratu
674 1326 726 1392 κκὶ
750 1327 883 1401 λέκννκν,
908 1328 934 1392 εἷ
957 1327 1071 1412 βούλει,
1096 1327 1184 1393 κύλεν

454 1469 507 1534 καὶ
530 1467 689 1543 Σκύλλαν,
715 1466 731 1543 ἢ
755 1469 900 1545 Turranio
923 1467 1032 1552 ᾤκησεν
1054 1469 1153 1538 πέδον.

455 1612 511 1680 Sio
545 1614 583 1681 O.
607 1614 649 1680 R.
682 1637 731 1680 va.
763 1612 826 1680 601
859 1635 900 1679 ex
933 1611 1128 1680 coniectura
1151 1611 1375 1680 Heimsoethii
1398 1611 1537 1698 legerim

409 1756 482 1819 ἀλλ’
518 1753 585 1819 νύτε
629 1755 777 1836 λῃστὴς
814 1753 906 1829 τῆσδε
937 1763 1006 1828 τῆς
1037 1755 1167 1835 ἀρχῆς
1196 1750 1273 1833 ἔΦνν
1308 1753 1427 1839 (verba
1462 1756 1538 1820 sunt

409 1897 589 1984 Creontis),
612 1897 824 1986 comparatis,
848 1919 934 1985 quae
958 1869 1047 1964 dixit
1070 1896 1217 1984 Oedipus
1238 1920 1286 1964 vs.
1308 1898 1373 1963 535
1393 1897 1536 1977 λῃστής

409 2041 564 2122 τ’ἕνκργίνς
599 2035 652 2115 wie
687 2041 763 2118 tute
796 2038 976 2119 separatior.
1020 2039 1194 2107 Vocabula
1236 2038 1344 2119 Φονεύς
1380 2039 1469 2125 (534)
1503 2041 1536 2105 et

408 2184 520 2266 aperte
556 2183 663 2269 (535),
693 2204 780 2270 quae
812 2181 922 2248 iratus
952 2180 1104 2269 loquitur
1127 2180 1291 2268 Oedipus,
1316 2185 1472 2270 spectant
1494 2182 1536 2248 ad

407 2350 457 2395 vs,
484 2327 547 2392 122
571 2349 640 2414 sqq.
666 2323 782 2406 λῃστὰς
807 2322 929 2403 ἔφασκε
952 2359 995 2370 -
1023 2328 1141 2387 κτνννεῖν
1164 2347 1205 2388 ννν
1227 2324 1291 2390 κτὲ.

449 2468 513 2534 His
540 2467 691 2534 omnibus
714 2466 883 2554 reputatis
906 2465 1126 2534 verisimilius
1156 2465 1239 2532 mihi
1261 2465 1401 2534 videtur
1424 2473 1535 2534 nostro

406 2635 536 2702 quoque
570 2611 640 2678 loeo
674 2609 844 2677 Tiresiam
879 2609 922 2676 ad
951 2609 1057 2697 ipsius
1092 2609 1212 2697 Oedipi
1236 2610 1343 2677 verba
1366 2609 1534 2693 alludere,

407 2757 465 2846 qui
488 2757 550 2842 (vs.
575 2755 653 2841 219)
678 2753 830 2821 dixerat:

451 2898 516 2978 ύγὼ
551 2896 660 2974 ξένος
694 2896 765 2973 μὲν
799 2899 864 2960 τού
895 2893 1014 2972 λόγον
1043 2895 1122 2959 τοῦδ’
1147 2893 1233 2975 ἐξερῶ
1256 2895 1332 2968 art,

407 3043 523 3132 itaque
546 3003 752 3109 confidenter
776 3039 1000 3107 restituerim:

451 3183 531 3261 ξένος
561 3181 679 3261 λόγον
711 3181 867 3260 μέτοικος,

406 3328 549 3414 iungens
573 3324 653 3402 ξένος
676 3322 778 3405 λύγον,
797 3348 883 3413 quae
901 3325 1008 3393 verba
1027 3348 1101 3390 oum
1121 3324 1231 3391 ironia
1251 3325 1535 3413 acerbaloquitur

407 3468 568 3536 Tiresias.

450 3612 499 3679 Ut
521 3611 582 3678 hoo
604 3611 675 3679 loeo
699 3610 835 3678 insolite
859 3609 1109 3696 coniunguntur
1133 3607 1213 3685 ξένος
1237 3608 1337 3692 λόγον,
1360 3610 1407 3677 sie
1426 3615 1533 3677 trans-

404 3755 476 3823 late
500 3755 682 3822 adhibetur
705 3751 812 3834 Φύγύς
836 3752 941 3820 Thuo.
965 3753 1072 3820 VI-
1085 3753 1137 3836 92,
1162 3754 1182 3818 3
1220 3752 1383 3841 (loquitur
1407 3753 1533 3819 Alcibi-

405 3898 498 3983 ades)
530 3896 666 3978 Φννύς
695 3920 730 3962 τε
753 3895 813 3977 peip
838 3896 901 3972 εῐμν
926 3904 980 3970 τῆς
1003 3899 1059 3958 τῶν
1084 3893 1293 3971 §esemona
1320 3894 1460 3976 τνννρίκς
1483 3893 1533 3958 uxi

404 4041 434 4105 νύ
459 4049 512 4115 τῆς
535 4039 695 4121 ύμετὲρκς,
720 4039 772 4103 ἐνὶν
797 4035 950 4112 τείθντθέ
975 4059 1037 4115 μον,
1063 4036 1209 4118 epatius.

448 4181 659 4249 Confusionis
683 4181 774 4250 inter
795 4165 827 4246 ἵν
851 4164 930 4261 ete
953 4181 1102 4267 vestigia
1120 4181 1341 4250 inveniuntur
1372 4181 1408 4246 in
1433 4180 1531 4245 huius

404 4324 568 4392 dramatis
592 4348 641 4392 vs.
665 4326 740 4408 892,
770 4323 830 4390 ubi
854 4325 893 4390 L.
916 4325 1060 4411 praebet
1082 4324 1260 4391 lectionem
1284 4322 1396 4402 θυμῶν,
1420 4346 1531 4390 reeen-

403 4467 507 4535 tiores
542 4490 622 4535 vero
656 4466 785 4534 oodioes
818 4467 944 4555 partim
974 4463 1074 4549 avae,
1108 4465 1233 4553 partim
1264 4464 1364 4542 θυμοῦ
1395 4465 1531 4533 habeut.

401 4608 459 4677 Αἰ.
496 4611 581 4678 1217
616 4633 676 4698 pro
712 4609 818 4674 πόντον
853 4632 927 4679 cum
962 4608 1165 4680 Morstadtio
1203 4610 1383 4703 legendum
1418 4609 1529 4691 πόντῳ,
