3466 5536
775 753 818 817 55

230 969 331 1035 quam
362 945 539 1012 lectionem
571 946 674 1012 etiam
703 946 943 1034 praetulerunt
975 948 999 1013 J
1001 948 1080 1030 abb,
1105 971 1203 1035 quem
1226 949 1304 1017 vide
1330 953 1365 1015 et

202 1169 203 1172 Ἴ
230 1088 350 1154 Bothe.
381 1085 653 1174 Papageorgius‚
686 1087 828 1154 eundem
852 1088 1048 1156 desiderans
1072 1113 1222 1173 sensum,
1247 1114 1364 1179 propo·

230 1229 300 1296 suit
335 1229 351 1304 ἢ
387 1231 512 1311 ἐκσειρᾷ
546 1227 664 1305 λόγοιςς
699 1229 771 1297 Ηοο
804 1230 876 1297 loeo
908 1230 1088 1318 Sophocles
1111 1232 1148 1298 in
1170 1234 1364 1300 memoriam

229 1376 368 1441 revocat
403 1373 499 1440 Hom.
534 1373 576 1439 ll.
613 1372 651 1439 Π
675 1411 717 1420 -
742 1374 784 1439 73
820 1372 938 1459 (verba
972 1377 1052 1441 sunt
1085 1373 1360 1462 Agamemnonis)

230 1519 336 1597 πρῶτον
358 1514 448 1593 δ’ἐγὼ
466 1515 587 1580 Βέσεσιν
610 1516 790 1596 πειρήσομαι
814 1516 901 1601 (soil.
925 1515 1115 1602 Achaeos).
1139 1518 1182 1583 ln
1204 1540 1361 1605 responso

230 1659 378 1746 Oedipus
403 1659 547 1726 alteram
571 1659 820 1746 praetermittit
843 1659 1138 1747 percontationem.

274 1799 472 1890 Comparari
501 1807 642 1889 possunt
672 1801 761 1868 Phil.
786 1802 843 1885 55,
880 1801 939 1867 ubi
961 1801 1080 1869 Ulixes
1104 1801 1359 1890 Neoptolemum

227 1944 280 2010 ita
303 1941 513 2032 adloquitur:

739 2052 792 2124 τὴν
815 2051 995 2125 Φιλοκτήτου
1019 2075 1053 2114 σε
1078 2051 1127 2115 δεῖ

273 2192 378 2272 ψυχὴν
411 2190 489 2266 ὅσοις
522 2192 651 2270 λόγοισιν
687 2193 731 2280 (v.
755 2193 869 2260 Herw.
906 2191 1043 2279 δόλοισιν)
1069 2192 1228 2273 §nursam
1251 2194 1356 2271 λέγων.

229 2337 268 2402 Ο.
293 2337 334 2402 R.
368 2337 433 2402 790
464 2334 631 2416 σοοῦφννεν
654 2335 767 2413 λέγων,
792 2334 848 2402 Ai.
874 2337 939 2401 757
963 2334 1023 2415 ἔφη
1048 2334 1159 2412 λέγων,
1183 2335 1267 2402 Ant.
1290 2337 1357 2403 280

229 2481 386 2554 μεστῶσιοι
421 2477 533 2555 λέγων,
565 2478 603 2545 Ο.
628 2477 664 2546 C.
690 2479 913 2544 1203-1204
935 2480 1037 2541 νικοῖτε
1060 2517 1103 2524 -
1127 2477 1277 2556 λέγοντες.
1314 2480 1355 2545 In

229 2620 380 2687 omnibus
414 2621 467 2687 his
501 2620 583 2687 loeis
617 2620 833 2708 participium
868 2619 963 2698 λέγων
997 2622 1053 2688 vel
1088 2621 1229 2698 λέγοντες
1270 2621 1357 2689 idem

230 2763 419 2850 signifieat,
453 2763 541 2852 quod
571 2761 681 2839 λόγοιν.
713 2764 792 2831 Vid.
827 2769 1008 2852 praeterea
1038 2764 1179 2853 Antiph.
1204 2766 1240 2831 II
1263 2789 1303 2841 ν,
1328 2767 1386 2866 1..

228 2904 442 2987 σειρόσομεθοι
488 2904 682 2986 ἐλέγχοντες.
728 2906 851 2994 ltaque
892 2907 947 2974 hio
990 2907 1141 2974 Tiresias
1177 2906 1277 2974 dicit:
1313 2930 1357 2974 an

226 3053 341 3116 tentas
364 3072 416 3115 me
440 3048 553 3116 verbis
578 3048 672 3116 tuis?

269 3191 442 3259 Postremo
472 3190 656 3258 notandum
680 3195 732 3258 est
755 3192 937 3279 participia
961 3195 996 3258 et
1019 3192 1206 3260 infinitivos
1230 3193 1354 3281 saepis-

226 3336 307 3403 sime
335 3334 510 3420 eonfundi3
535 3334 674 3402 Brunek
697 3339 812 3402 autem
835 3336 878 3402 ad
901 3334 933 3402 h.
958 3335 980 3402 l.
1005 3337 1181 3404 observat:
1210 3337 1271 3421 „in
1292 3336 1353 3403 hoo

225 3481 294 3548 eod.
320 3480 377 3565 (D)
399 3479 524 3565 legisse
548 3478 686 3547 videtur
709 3478 805 3555 λέγων
828 3479 940 3545 neseio
966 3479 1041 3568 quis
1065 3479 1161 3563 olim,
1185 3479 1244 3568 qui
1266 3503 1353 3547 mar·

224 3623 297 3710 gini
320 3622 518 3710 adscripsit:
543 3644 585 3688 an
610 3620 743 3698 λέγειν.”

268 3800 336 3867 Ad
372 3825 432 3870 vs·
468 3801 550 3868 373:

468 3940 562 4014 οὐδεὶς
584 3939 614 4015 ὃς
638 3941 706 4022 οὐχὶ
730 3942 815 4006 τῶνδ’
840 3941 957 4007 ὀνειδιεῖ
976 3941 1077 4024 rotza.

265 4086 410 4152 Praeter
439 4085 542 4170 locos,
575 4084 644 4152 iam
667 4085 788 4152 eitatos
812 4088 852 4152 ab
877 4085 1139 4173 interpretibus,
1164 4090 1243 4174 apte
1266 4111 1350 4153 oom-

221 4229 398 4316 paraveris
431 4229 517 4294 Xen.
543 4227 634 4294 Hell.
658 4228 745 4295 V—
760 4228 796 4311 1,
833 4230 870 4294 3:
902 4227 986 4302 ἡνίκοο
1016 4226 1077 4309 γὰρ
1106 4228 1157 4292 ἐπὶ
1180 4227 1349 4294 θόλοισσοιν

221 4371 402 4448 κοοσέβοιινεν
436 4372 486 4434 ἐπ’
522 4368 597 4434 οἴκου
620 4370 808 4451 ὁρμώμενος,
833 4370 927 4444 οὐδεὶς
951 4373 1056 4436 ἐκεῖνον
1079 4375 1136 4435 τῶν
1159 4377 1348 4452 σσροοσιοοσῶν

221 4509 262 4587 ὃς
295 4514 367 4578 οὐκ
400 4511 581 4589 ἐδεξιώσατο
603 4514 668 4579 κσὲ.
