3466 5536
755 801 796 868 17

208 1004 358 1072 νοσοῦντες
372 1038 411 1046 -
424 999 462 1071 ὥς
484 999 543 1074 ἐγὼ
568 997 579 1085 J
604 999 654 1062 οὐκ
678 997 759 1080 ἔστιν
781 998 862 1074 ὑμῶν
885 997 966 1070 ὅστις
990 997 1024 1074 ἐξ
1049 997 1110 1061 ἴσου
1133 1003 1214 1061 rarsi
1230 997 1338 1084 tragi-

209 1166 282 1209 cam
301 1143 484 1208 adsumunt
505 1142 584 1210 vim.
613 1141 653 1227 ¹).

252 1285 350 1351 Alios
374 1284 494 1352 iuvare
517 1287 646 1371 potest,
670 1283 831 1370 Sphingis
855 1283 1013 1370 aenigma
1031 1285 1134 1352 solvit
1154 1321 1195 1330 -
1215 1283 1257 1350 de
1277 1305 1339 1349 sua

209 1429 321 1496 salute
354 1428 531 1515 desperat;
566 1427 714 1510 animm,
745 1427 858 1493 luctus
888 1449 1093 1514 peaesagus,
1125 1450 1257 1514 semper
1279 1427 1339 1492 im-

208 1572 338 1637 minens
362 1574 538 1659 exspectat
556 1569 683 1636 fatum:
707 1570 841 1658 quaudo
861 1569 922 1654 (sie
943 1569 1129 1635 identidem
1149 1591 1223 1635 sese
1234 1568 1339 1634 inter-

209 1735 347 1799 rogasse
380 1713 552 1801 putandus
587 1715 651 1796 est)
686 1711 841 1794 oracula,
875 1733 963 1801 quae
992 1733 1174 1799 numquam
1195 1711 1341 1778 mentita

210 1859 306 1937 sunt,
353 1855 537 1922 evenient?
579 1855 780 1922 Praesensio
820 1856 1001 1937 malorum,
1032 1857 1074 1920 ut
1103 1859 1182 1920 atra
1215 1856 1338 1936 nubes,

209 1997 318 2063 animo
342 1997 458 2063 miseri
479 1997 548 2064 viri
571 1997 755 2064 incumbit:
780 2021 912 2086 semper
934 2002 1051 2078 cavet,
1076 1998 1191 2080 timet,
1215 1998 1339 2086 ubique

208 2138 380 2204 inimicum
402 2139 574 2205 odoratur.
597 2139 686 2206 Hine
709 2139 894 2206 identidem
911 2139 1051 2204 horrore
1068 2139 1234 2220 obruitur,
1254 2139 1339 2205 iras-

210 2281 316 2364 citur,
336 2282 469 2365 metuit,
493 2286 626 2370 sperat,
652 2280 716 2345 ἔστι
741 2277 793 2345 τοῦ
804 2282 961 2359 λέγοντος,
974 2281 1006 2355 ἢν
1018 2280 1135 2361 φόβους
1147 2282 1223 2362 λέγῃ
1235 2283 1337 2366 (917),

209 2429 250 2489 nt
290 2425 361 2511 ipse
395 2423 510 2512 paullo
545 2429 622 2512 post
651 2427 742 2511 (974)
774 2425 972 2491 confitetur:
1014 2427 1074 2502 ἐγὼ
1109 2426 1141 2489 δὲ
1174 2427 1216 2505 τῷ
1250 2425 1339 2505 φόβῳ

211 2566 400 2646 παρηγόμην.
435 2568 526 2634 Hinc
555 2568 660 2633 etiam
690 2568 926 2656 explicandum
950 2572 1019 2650 est,
1043 2568 1132 2656 quod
1154 2568 1340 2634 identidem

210 2709 358 2798 Oedipus
381 2711 534 2798 loquitur
559 2711 642 2796 „mit
663 2713 898 2778 uubewusster
920 2710 1153 2796 Erregtheit”‚
1184 2715 1224 2777 ut
1247 2715 1340 2777 recte

209 2853 261 2918 ait
285 2853 487 2920 Scbmelzer.
519 2854 653 2942 Optime
675 2854 847 2941 inquietus
872 2854 944 2920 eius
969 2854 1101 2920 animus
1123 2854 1280 2941 pingitur
1304 2855 1340 2920 in

210 2995 380 3078 oratione,
415 3017 483 3084 qua
516 2995 595 3060 inde
628 3017 650 3061 a
683 3018 786 3064 versu
821 2996 888 3060 216
923 2996 1014 3062 cives
1049 2996 1269 3078 adhortatur,
1300 3001 1340 3062 ut

209 3138 388 3204 occisorem
421 3137 603 3224 indagent,
643 3139 808 3226 imprimis
843 3143 957 3205 autem
991 3140 1034 3205 iis
1074 3141 1245 3222 versibus,
1280 3141 1339 3205 ubi

209 3282 363 3366 ignotum
386 3280 465 3347 Laii
486 3304 719 3368 percussorem
741 3281 886 3348 devovet
909 3282 1034 3348 Furiis.
1063 3282 1094 3366 ²)

255 3423 331 3488 Non
363 3447 436 3488 sum
465 3423 609 3509 ignarus
630 3424 748 3490 multis
772 3424 877 3489 talem
900 3423 1022 3512 Oedipi
1044 3425 1175 3509 ingenii
1197 3425 1341 3512 explica·

208 3565 334 3631 tionem
356 3587 476 3653 parum
497 3565 648 3654 placere,
672 3566 934 3653 provocantibus
946 3565 992 3632 ad
1003 3565 1227 3634 Aristotelem
1240 3569 1340 3654 (1453

211 3731 232 3774 a
256 3710 321 3793 10),
349 3709 408 3775 ubi
430 3709 522 3775 inter
546 3708 616 3774 alia
637 3708 856 3796 philosophus
881 3710 1055 3776 contendit
1077 3711 1246 3796 tragicam
1266 3735 1341 3798 per-

211 3874 325 3918 sonam
358 3850 576 3928 arrxssatmsw
606 3851 649 3923 εἷς
679 3850 853 3931 δυοτυχίον
878 3891 919 3900 -
944 3851 983 3914 δι’
1007 3851 1240 3932 ἁμαρτίαν
1272 3853 1339 3916 ‘rr-rot

209 3994 273 4056 κτὲ.
308 3994 493 4060 Videamus
523 3999 653 4076 tamen,
685 3994 767 4082 quid
797 3995 844 4061 sit
877 3993 1038 4075 ἁμαρτία,
1069 3995 1163 4061 cuius
1186 3997 1341 4063 vocabuli

252 4251 280 4327 ¹)
299 4253 342 4311 De
361 4254 469 4326 tragica
488 4252 576 4310 ironia
596 4253 658 4311 vide
677 4253 776 4310 Bruhn
796 4270 842 4326 pg.
864 4253 903 4309 28
924 4270 995 4327 sqq.²
1014 4253 1135 4312 Dindorf
1149 4253 1184 4311 ad
1201 4253 1234 4311 0.
1250 4253 1284 4311 R.
1297 4256 1344 4313 76.

251 4357 280 4433 ²)
301 4359 374 4417 Dass
393 4360 458 4417 aber
477 4359 569 4417 hiuter
588 4360 628 4416 all
647 4359 701 4417 den
720 4360 922 4432 srbcrlegendeu
941 4360 1055 4419 Worten
1075 4360 1145 4418 doeh
1165 4361 1225 4418 cino
1241 4361 1345 4433 hefrigo

206 4466 364 4524 mussan
401 4465 505 4536 stectt,
542 4466 638 4539 zeigen
674 4466 719 4524 die
757 4464 1010 4524 wiedcrkehrcndou
1046 4467 1268 4525 Anakolutbiecn
1297 4469 1345 4525 des

206 4571 378 4631 Ausdrnoks.
1016 4575 1171 4632 Scbmclzer
1186 4590 1234 4647 pg.
1253 4576 1304 4634 30.

1254 4672 1276 4736 2
