3490 5540
976 807 1018 874 02

432 1003 617 1071 omissionis
652 1005 793 1072 litterae
827 1029 846 1068 σ
881 1004 1029 1071 inveniri
1056 1008 1196 1092 possunt
1225 1003 1262 1069 in
1291 1003 1429 1070 fabulae
1457 1003 1494 1070 Ο.
1517 981 1557 1070 n'.

430 1148 595 1232 editione,
619 1171 719 1238 quam
743 1148 879 1218 curavit
901 1148 1091 1230 Hermann,
1117 1147 1161 1214 ad
1183 1171 1232 1216 vs.
1257 1148 1316 1229 79,
1342 1146 1463 1234 quibus
1477 1145 1558 1212 addc

430 1291 468 1357 Ο.
502 1293 544 1358 R.
571 1291 675 1375 1111,
700 1291 757 1357 ubi
781 1291 818 1356 in
841 1291 882 1358 L.
904 1290 1034 1378 legitur
1056 1288 1185 1372 πρέσβει
1208 1312 1268 1376 pro
1292 1287 1456 1369 πρέσβεις,
1480 1289 1557 1354 ibid.

431 1436 534 1517 1200,
560 1436 617 1501 ubi
640 1459 690 1523 pr.
716 1459 804 1503 man.
827 1435 932 1503 habet
956 1435 1088 1508 dosora,
1113 1457 1180 1501 rec.
1206 1432 1347 1504 εὶνέστσις.

475 1577 673 1666 Comparari
691 1581 832 1666 possunt
851 1583 1031 1666 praetcrea
1052 1601 1101 1646 vs,
1116 1577 1180 1643 120
1193 1577 1247 1662 (ex
1259 1575 1453 1642 coniectura
1464 1573 1555 1655 mea),

432 1719 518 1785 1242
552 1720 623 1807 (pro
658 1717 732 1784 εὐθύ
766 1719 953 1787 deteriores
988 1719 1117 1786 codices
1149 1716 1258 1790 εὐθύς,
1294 1716 1381 1805 quod
1410 1714 1556 1803 reposuit

430 1859 576 1946 Nauck),
602 1862 689 1928 1250
713 1861 778 1948 (P),
805 1863 891 1928 1446
916 1860 987 1950 ([Γ]
1012 1861 1055 1928 Α.
1080 1860 1314 1946 σρσσρέψσμσιι.)

474 2004 618 2072 Inversa
641 2005 773 2071 ratione
797 2029 846 2074 vs.
862 2006 925 2070 107
949 2003 1017 2077 τοὺς
1041 2003 1204 2076 aurosam
1220 2002 1300 2084 χειρὶ
1313 2008 1452 2083 τιμωρεῖν
1464 2025 1554 2085 τινας,

352 2165 359 2180 ·
430 2169 451 2212 a
474 2147 590 2214 multis
614 2147 799 2214 editoribus
824 2170 909 2219 mooe
933 2146 1118 2233 corrigitur
1141 2146 1177 2212 in
1199 2169 1301 2217 σενα,
1323 2167 1424 2234 quam
1447 2144 1556 2210 lectio·

430 2312 506 2354 nem
530 2291 633 2356 etiam
656 2291 798 2378 praebet
820 2289 913 2357 Suid.
939 2313 963 2356 s.
987 2315 1018 2357 v.
1044 2287 1230 2353 ἐπιστέλλει.
1254 2286 1352 2375 (crudo
1373 2287 1503 2372 legitur
1523 2287 1556 2352 in

429 2431 596 2499 codicibus
616 2456 690 2498 cum
709 2437 832 2521 puncto
857 2456 957 2520 super
979 2456 998 2495 σ
1023 2455 1114 2499 am.
1135 2455 1197 2520 pr.,
1209 2431 1298 2520 quod
1310 2431 1417 2498 erasit
1429 2454 1495 2498 rec.
1508 2431 1555 2515 In,

429 2573 507 2642 vide
531 2574 754 2642 Herwerdeni
775 2575 1050 2662 adnotationem).
1070 2575 1127 2641 Sic
1146 2599 1195 2643 vs.
1216 2576 1281 2641 205
1300 2597 1360 2662 pro
1371 2573 1555 2642 necessario

431 2715 573 2794 caspar
598 2718 758 2785 restituto
783 2719 824 2784 ab
847 2718 1024 2802 Elmsleio,
1049 2718 1085 2784 in
1109 2718 1148 2784 L.
1173 2718 1302 2803 legitur
1325 2715 1499 2794 arsam.

475 2860 640 2949 Exempla
671 2860 873 2928 confusionis
903 2861 995 2928 inter
1017 2862 1124 2930 verba
1147 2884 1221 2926 cum
1244 2858 1301 2941 πρό
1323 2865 1359 2927 11
1383 2859 1455 2942 πρός
1478 2883 1556 2929 com-

430 3003 541 3090 posita
574 3003 757 3072 videantur
785 3004 821 3069 in
843 3003 1032 3070 Hermanni
1056 3003 1273 3071 adnotatione
1296 3004 1340 3070 ad
1362 2973 1424 3072 vs·
1437 3005 1500 3070 351
1524 3006 1556 3070 et

433 3145 528 3211 1460.
564 3145 769 3212 Illustratur
802 3145 886 3212 haec
926 3145 1076 3212 confusio
1110 3145 1336 3232 pulcherrime
1370 3144 1480 3212 Schol.
1516 3144 1557 3210 ad

431 3285 514 3352 Ant.
551 3288 616 3352 216
647 3287 774 3369 νεωτέρῳ
804 3311 845 3368 τῳ
876 3292 962 3352 τοῦτο
993 3286 1164 3366 βσιστσὶζειν
1188 3286 1310 3369 πρόθες,
1334 3288 1393 3354 ubi
1415 3288 1556 3374 legimus

430 3430 463 3494 τὸ
487 3429 520 3493 δὲ
545 3427 694 3510 πρόθες
718 3429 786 3493 ἀντὶ
808 3433 859 3493 τοῦ
884 3428 1073 3511 πρόσθες
1099 3434 1232 3511 χρῶνται
1252 3429 1316 3517 ,γὰρ
1336 3439 1373 3512 τῇ
1401 3431 1471 3510 πρὸ
1492 3428 1555 3494 dart

431 3580 484 3647 τῆς
507 3570 595 3652 σρόςῑ
621 3573 674 3638 Ex
696 3572 749 3639 his
773 3573 883 3662 liquet
906 3573 1010 3641 etiam
1030 3574 1188 3641 librarios
1209 3573 1402 3661 saepissime
1422 3575 1556 3641 voculas

434 3711 490 3795 πρό
524 3718 559 3781 11
593 3712 665 3795 πρός
700 3714 892 3781 discernere
922 3738 989 3780 non
1012 3715 1178 3802 potuissc;
1202 3714 1334 3803 itaque,
1359 3715 1556 3804 ubicumque

431 3856 637 3934 alterutrum
667 3857 866 3926 vocabulum
892 3857 1004 3945 aptius
1037 3860 1104 3941 est,
1138 3857 1226 3945 apud
1258 3857 1453 3944 Sophoclem
1487 3858 1556 3924 sine

432 3999 531 4065 dubio
553 4000 620 4066 erit
643 4000 900 4067 restituendum.
941 4089 942 4092 Ἴ

445 4261 543 4350 'no
577 4308 637 4353 vs.
674 4285 759 4349 sec:

609 4426 687 4504 oiba'¹
714 4425 764 4488 οὐκ
795 4424 911 4506 ἔρευναν
942 4429 993 4488 τοῦ
1023 4423 1215 4498 θανόντος
1247 4425 1379 4506 ἔσχετε;

475 4569 591 4637 Verba
616 4567 731 4649 ἔρευναν
755 4572 806 4631 τσῦ
830 4565 971 4640 θανόντος
1002 4591 1068 4635 non
1091 4569 1180 4634 idem
1204 4568 1396 4654 significare
1419 4573 1560 4656 possunt
