3466 5536
743 823 787 887 49

201 1017 270 1080 ἐστι’
312 1041 356 1080 σοι
402 1026 551 1095 μαντικῆς
597 1016 820 1096 ἐχόμενον
854 1015 984 1094 τέχνης,
1019 1017 1105 1091 ἤγουν
1140 1015 1329 1095 ἁπτόμενον,

201 1183 403 1248 quamquam
426 1163 542 1227 notum
565 1163 618 1226 est
641 1157 698 1238 ἔχε
722 1159 856 1246 saepius
881 1156 1075 1244 significare
1099 1156 1190 1235 ἔχου,
1214 1153 1330 1226 tarso,

205 1302 300 1390 „pak
334 1301 438 1368 aan”.
473 1301 517 1367 In
550 1300 677 1367 talibus
700 1304 816 1367 tamen
837 1300 919 1366 locis
945 1299 1003 1379 ἔχε
1026 1329 1068 1354 =
1094 1298 1167 1377 ἔχου
1191 1301 1230 1362 ut
1252 1301 1332 1360 axis

202 1425 337 1532 saepius
372 1449 425 1511 est
458 1442 556 1508 παύου
590 1427 734 1531 (semper
769 1466 797 1509 e.
821 1466 855 1528 g.
879 1442 970 1530 apud
993 1440 1274 1528 Aristophanem,
1300 1439 1330 1505 si

202 1590 288 1654 bene
311 1587 470 1673 memini).

248 1731 327 1795 Mox
361 1728 455 1816 (267)
491 1733 695 1818 sequuntur:
730 1727 928 1808 κκτεύχομκι
962 1729 996 1792 δὲ
1030 1728 1079 1791 τὸν
1102 1725 1257 1808 δεδρακότ’
1289 1763 1356 1813 -·,

202 1873 293 1935 xxxiv
334 1877 433 1944 κακῶς
466 1896 507 1935 νιν
541 1875 649 1953 &popae
684 1873 825 1952 ἐκτρῖψαι
862 1871 937 1947 βίαν·
971 1871 1013 1936 de
1047 1870 1250 1958 repetitione
1283 1869 1334 1931 τὶν

204 2014 360 2094 δεδωκότ’
384 2040 491 2078 -νιν
523 2016 661 2102 egregie
691 2015 882 2102 disputavit
912 2013 1065 2079 Lindner
1087 2014 1124 2078 in
1146 2013 1253 2096 libro,
1276 2013 1335 2100 qui

204 2157 404 2223 inscribitur
431 2157 650 2242 „Cothurnus
675 2157 908 2245 Sophoclens''
934 2158 952 2240 ᾖ
977 2157 1039 2222 68ε
1067 2157 1144 2240 „De
1156 2155 1334 2240 geminati-

205 2322 268 2365 one
290 2300 462 2366 notionum
486 2323 525 2368 ac
548 2303 727 2369 verborum
750 2298 990 2387 quorundam.'’

252 2582 320 2649 Ad
353 2609 376 2652 v
389 2608 415 2650 s.
450 2586 531 2651 287:

408 2728 481 2790 ἀλλ’
505 2728 555 2790 οὐκ
579 2729 609 2791 ἐν
633 2729 734 2807 ἀργοῖς
757 2728 822 2790 οὐδὲ
845 2729 925 2790 τοῦτ’
950 2725 1131 2808 ἐπρκὲαὶμην

253 2868 298 2934 li.
324 2868 478 2935 Schmidt
500 2869 590 2936 iusto
609 2870 792 2937 violentius
812 2870 954 2936 coniecit
973 2869 1140 2947 εἷὲσαιμεκ
1152 2893 1218 2936 non
1229 2871 1338 2957 magis

207 3010 321 3096 placet
354 3010 541 3077 Wecklinii
574 3012 757 3100 propositio
793 3009 963 3089 ἐτιξάμην.
999 3011 1173 3095 lleineke‚
1210 3012 1339 3078 leniore

209 3152 364 3218 adhibita
398 3154 621 3238 correctione,
656 3178 772 3223 veram
806 3155 986 3221 lectionem
1021 3154 1177 3220 restituit
1199 3154 1343 3240 legendo

209 3296 225 3357 ε’
237 3319 262 3358 π
274 3293 353 3376 pot}
364 3322 385 3358 x
398 3320 496 3373 μεν,
529 3298 604 3362 iure
635 3297 800 3363 adnotans
832 3297 869 3362 in
900 3297 961 3363 hoe
984 3320 1088 3364 versu
1109 3299 1212 3364 verbo
1235 3298 1344 3364 medio

208 3438 319 3504 locum
341 3463 406 3506 non
429 3463 512 3507 esse.
536 3441 588 3507 De
612 3442 769 3526 enallage
794 3443 812 3508 1
836 3467 867 3529 p.
891 3466 923 3529 p.
948 3443 1022 3508 etl
1043 3466 1075 3529 p.
1097 3466 1122 3508 s,
1143 3442 1347 3530 vide‚qnae

211 3581 372 3649 adnotavi
395 3583 440 3648 ad
461 3608 510 3652 vs.
536 3585 670 3650 62-64
692 3583 883 3673 (Append.).

239 3724 382 3800 ‚Eodem
403 3725 499 3792 modo
521 3725 579 3792 Αἰ.
605 3727 691 3792 1045
710 3727 886 3801 Μενέλαος,
906 3722 927 3808 ᾧ
946 3729 982 3802 δὴ
1001 3728 1085 3792 τόνδε
1106 3734 1198 3793 πλεῦν
1218 3729 1343 3792 ἐστεί-

211 3879 357 3943 λαμεν,
381 3867 417 3932 in
440 3869 479 3934 L.
504 3891 535 3934 a.
557 3893 609 3957 pr.
633 3893 675 3936 m.
700 3871 862 3958 scriptum
886 3876 938 3937 est
969 3871 1243 3949 ἕστειλοὶμην,
1274 3872 1343 3939 vid.

210 4034 243 4076 v.
266 4009 435 4076 Leenwcn
460 4009 642 4079 Commeat.
665 4037 721 4100 pg.
747 4013 821 4079 154.
846 4014 1012 4080 Similiter
1042 4020 1237 4102 corruptum
1260 4016 1343 4081 duco

210 4149 269 4216 Αἰ.
292 4175 342 4219 vs.
365 4153 427 4235 45,
449 4154 509 4219 ubi
532 4155 688 4224 Minerva
710 4156 812 4223 dicit:

432 4295 489 4360 κᾶν
520 4296 775 4379 ἕξεπράξκτζ
799 4299 825 4362 εἶ
847 4299 1038 4378 κατημέληέ
1063 4298 1132 4374 ἐγώ.

256 4437 311 4503 lbi
345 4437 433 4503 enim
466 4438 576 4505 forma
609 4440 721 4506 media
754 4439 940 4518 &Serplssxr'
973 4446 1143 4528 repugnat
1173 4441 1343 4508 constanti

212 4579 309 4646 verbi
339 4579 520 4659 ἐκπράττειν
550 4582 626 4648 nsni
651 4584 739 4670 apud
763 4582 974 4670 Sophoclem,
999 4584 1056 4671 qni
1080 4607 1211 4670 semper
1234 4584 1342 4650 forma
