3466 5536
744 818 787 882 57

355 1008 446 1094 εόνοιι,
482 1010 621 1089 μόνοις
654 1011 686 1074 δὲ
710 1011 759 1075 τόν
781 1009 960 1088 κοινούμενον
983 1008 1061 1084 ξένον

356 1153 458 1235 σῷζειν
484 1131 608 1228 ouon
630 1153 682 1216 κοιὶ
713 1151 848 1230 μόνοις
881 1155 980 1233 οὶρκεῖν
1003 1150 1106 1233 ἔχειν;

243 1296 298 1362 Ibi
333 1297 421 1362 enim
456 1297 602 1384 Oedipus
637 1319 703 1362 non
736 1295 821 1362 dicit
853 1291 983 1362 nnllam
1011 1298 1150 1384 praeter
1172 1292 1328 1361 Athenas

199 1440 317 1504 urbem
339 1438 499 1505 miserum
520 1437 686 1527 hospitem
709 1461 847 1507 servare
870 1461 983 1526 posse,
1007 1461 1115 1525 neque
1130 1435 1236 1514 μόνοις
1256 1459 1329 1505 ver-

199 1580 339 1646 tendum
382 1586 435 1648 est
475 1603 536 1668 per
575 1580 729 1665 „solas”‚
767 1580 842 1663 sed,
879 1584 919 1646 ut
952 1584 1045 1646 recte
1079 1579 1330 1666 interpretatur

200 1722 321 1789 Nauck
359 1747 445 1808 „vor
481 1723 610 1792 allen'’.
647 1725 685 1790 Ο.
710 1726 751 1790 R.
784 1726 849 1791 299
880 1723 1025 1810 legimus
1048 1696 1211 1803 ἀνθρώπων
1234 1720 1328 1802 μόνῳ,

202 1865 246 1932 ad
280 1887 367 1953 quse
402 1867 507 1934 verba
537 1869 630 1933 recte
655 1867 798 1933 adnotat
819 1864 946 1933 Bothe:
971 1865 994 1932 i.
1018 1889 1046 1932 e.
1070 1863 1124 1931 illi
1148 1863 1329 1954 imprimis,

201 2011 242 2073 ut
264 2008 390 2096 passim
412 2009 531 2077 vedent
553 2007 656 2086 μόνος,
680 2003 756 2082 οἶος,
779 2033 877 2076 unus,

247 2149 363 2217 Etiam
384 2151 529 2239 prosaici
553 2151 732 2239 scriptores
751 2151 840 2218 hunc
858 2151 1017 2240 loquendi
1036 2173 1133 2217 usum
1152 2155 1328 2234 noverunt,

203 2297 243 2359 ut
277 2295 362 2360 Xen.
396 2293 508 2361 Anah.
539 2295 594 2378 H,
624 2297 661 2378 6,
685 2295 746 2379 24,
770 2293 893 2360 ubido
917 2293 1059 2360 Menone
1083 2291 1273 2358 diciturrot
1298 2292 1331 2356 δὲ

204 2438 261 2497 τῶν
285 2434 381 2514 φίλων
404 2435 520 2513 μόνος
544 2435 615 2518 ᾤετο
639 2437 749 2502 εἷδὲνοιι
773 2440 878 2520 ῥᾷστον
901 2435 929 2499 όν
952 2435 1126 2516 οὶφόλοικτοι
1145 2433 1331 2512 λοιμβοόνειν,

205 2575 310 2644 Thuc.
344 2577 487 2661 11—40,
522 2579 543 2644 2
577 2577 659 2656 μόνοι
692 2577 754 2658 νόοο
784 2576 832 2642 τόν
862 2600 897 2640 τε
921 2577 1015 2654 μηδὲν
1038 2575 1128 2639 τῶνδε
1152 2575 1329 2656 μετέχονται

204 2719 254 2782 οὐκ
289 2717 492 2800 οὶτροόγμονοι,
528 2721 601 2783 ἀλλ’
636 2721 757 2800 οὶχρσῑον
791 2717 968 2798 νομίζομεν,
1007 2718 1088 2786 ibid.
1123 2720 1240 2803 1-70‚
1278 2719 1330 2787 15.

250 2863 325 2929 Non
358 2863 492 2947 dubito,
526 2862 608 2951 quin
636 2863 725 2951 apud
749 2861 987 2949 Thucydidem
1010 2862 1157 2950 plurima
1180 2862 1333 2948 exempla

205 3005 352 3073 inveniri
374 3005 514 3092 possint.

250 3147 334 3212 Cum
367 3147 526 3232 genetivo
561 3146 777 3234 coniungitur
811 3147 913 3214 Isocr.
938 3145 1042 3231 XIV,
1067 3149 1110 3213 57
1133 3144 1275 3226 ὀφείλετε
1300 3137 1333 3209 δὲ

205 3286 337 3365 μόνος
366 3294 445 3352 τῶν
476 3290 689 3364 Ἑλλήνων
719 3293 821 3354 τοῦτον
844 3289 893 3353 τόν
916 3287 1032 3370 ἔροινον,
1058 3290 1117 3356 ubi
1140 3291 1228 3356 Jehb
1252 3288 1333 3367 μόνοι

204 3436 298 3498 recte
321 3433 429 3501 vertit
450 3457 511 3521 per
538 3432 674 3518 „unice”
700 3433 842 3520 (though
865 3433 980 3501 others
1003 3456 1074 3502 owe
1098 3432 1128 3500 it
1151 3434 1243 3517 also).

250 3575 306 3642 Sic
341 3599 439 3664 saepe
470 3577 659 3663 iunguntur
682 3575 769 3654 μόνον
791 3575 842 3640 xci
867 3580 997 3656 πρῶτος,
1033 3576 1128 3645 cuius
1152 3576 1203 3643 rei
1226 3600 1333 3643 exem-

202 3717 263 3805 plu
285 3719 408 3808 ubique
430 3719 667 3787 inveniuntur:
693 3718 772 3787 vide
795 3744 827 3787 v.
852 3742 879 3785 c.
906 3717 1012 3807 [Lyn]
1036 3719 1165 3785 11-18
1189 3721 1333 3818 τοῶτοι

205 3860 248 3924 δὲ
278 3860 343 3924 xxi
377 3859 489 3938 μόνοι
523 3862 552 3924 ἕν
587 3861 684 3942 ἐκείνῳ
719 3863 760 3942 τῷ
803 3860 898 3942 χρόνῳ
938 3859 1123 3938 ἐκβαλόντες
1152 3859 1212 3932 τόις
1249 3859 1334 3940 σορόν

204 4003 310 4084 σφίσιν
344 4004 445 4077 οιύτοῖς
480 4004 659 4077 δννοιστεόοις
691 4004 896 4085 δημοκροιτιόον
926 4004 1152 4078 κατεστήσαντο
1173 4004 1245 4076 κτὲ,
1268 4001 1334 4069 De·

203 4147 325 4214 mosth.
349 4147 546 4214 XIX-302
569 4146 621 4211 xxi
656 4146 772 4224 μόνος
806 4145 867 4211 καὶ
903 4151 1052 4228 πρῶτος
1087 4145 1152 4210 ἰδὼν
1175 4143 1220 4210 ότι
1242 4146 1333 4218 κοινός

203 4291 312 4361 ἐκεῖνος
335 4287 450 4369 ἐχθρός
472 4290 553 4354 ἐστιν
577 4288 718 4355 οἰσόντων
742 4294 799 4354 τῶν
823 4291 989 4364 Ἑλλήνων,
1013 4287 1199 4366 ηὐτομόλησε
1220 4289 1284 4355 κτὲ.
1302 4289 1331 4375 ¹)

248 4484 276 4562 ¹)
296 4487 411 4556 Qualem
442 4487 549 4546 dicendi
579 4504 661 4546 usum
691 4488 762 4546 ridet
791 4487 931 4545 Lucienus
960 4487 989 4544 in
1009 4487 1067 4544 vita
1088 4485 1262 4544 Demonactis
1282 4485 1335 4556 29,

200 4585 340 4645 scribens:
370 4587 565 4652 Ἀ’γοιθοκλέονς
589 4586 617 4638 δὲ
642 4590 689 4637 τοῦ
715 4590 919 4651 Περιπατητικοῦ
944 4586 1015 4650 μέγα
1040 4588 1188 4649 φρονοῦντος
1205 4583 1244 4639 ότι
1262 4586 1334 4646 μόνος
