3490 5540
765 843 809 907 89

221 1039 340 1122 „auris
360 1039 518 1127 pulsante
529 1039 547 1068 ’'
570 1039 717 1124 figurate
729 1040 867 1127 ponitur
878 1039 962 1106 Ant.
978 1041 1074 1122 1214,
1087 1040 1129 1106 de
1145 1038 1349 1126 „adspectu”

219 1181 257 1245 Ο.
294 1180 331 1246 C.
367 1181 448 1263 320,
485 1181 526 1248 de
564 1182 678 1265 „malo
711 1181 838 1248 blanda
873 1182 983 1269 specie
1012 1181 1144 1248 latente
1154 1182 1172 1210 ''
1204 1182 1248 1246 fr.
1273 1183 1348 1246 508.

190 1329 195 1346 '
217 1321 405 1389 Praeterea
439 1323 567 1390 dicitur
597 1323 639 1390 de
660 1324 807 1411 piscihus
832 1323 956 1390 caudas
980 1323 1193 1410 agitant-ibus
1216 1323 1260 1389 fr.
1284 1323 1348 1389 inc.

219 1469 302 1544 700;
324 1471 415 1534 teste
436 1467 636 1554 Phrynicho
659 1467 837 1555 Sophocles
863 1468 967 1533 etiam
987 1467 1175 1547 προσσαίνειν
1191 1491 1272 1534 usus
1286 1471 1348 1534 est.

262 1607 384 1695 Itaque
415 1609 634 1675 temerarium
664 1611 717 1675 est
747 1609 809 1674 hoc
837 1609 908 1675 loco
938 1632 999 1696 pro
1027 1610 1165 1672 sumno
1187 1632 1349 1697 reponere

218 1749 395 1824 stainam,
419 1751 508 1840 quod
530 1753 670 1818 verbum
694 1775 786 1818 socco
808 1773 909 1839 quam
932 1751 1095 1818 cothurno
1117 1756 1171 1819 est
1194 1752 1347 1838 dignius,

218 1895 260 1960 cf.
286 1893 420 1959 Thesm.
443 1895 519 1960 869.

263 2036 329 2102 Sed
361 2036 492 2102 accedit
515 2035 610 2101 aliud
631 2036 733 2124 idque
756 2037 886 2103 firmius
909 2040 1155 2122 argumentum.
1179 2037 1224 2101 In
1245 2039 1348 2105 verbo

218 2181 356 2242 emisa
384 2179 473 2245 enim
496 2179 692 2266 saepissime
716 2179 807 2245 inest
828 2179 921 2244 notio
955 2201 1122 2263 „evocare
1146 2179 1190 2244 ad
1217 2179 1349 2245 eonsul-

218 2322 358 2388 tandum
368 2323 397 2387 ”.
433 2323 565 2387 lterum
599 2322 766 2388 Homerus
800 2321 1009 2407 tragicorum
1042 2321 1112 2386 fuit
1143 2321 1347 2408 exemplum,

218 2465 261 2531 cf.
285 2464 347 2530 Od.
370 2458 470 2530 X'-
493 2466 558 2531 471
583 2464 635 2527 nal
658 2465 728 2527 τότε
751 2468 786 2542 μ’
811 2464 1117 2537 ruzziam&
1138 2463 1220 2543 ἔῷκν
1239 2464 1347 2545 ἐρίηρες

218 2609 338 2687 {ratpo-
361 2609 410 2673 ihi
433 2609 522 2673 enim
544 2607 629 2690 viri,
654 2607 712 2695 qui
735 2630 804 2674 una
826 2631 901 2674 cum
923 2608 1025 2674 Ulixe
1047 2631 1169 2675 navem
1191 2631 1347 2674 conscen-

218 2751 358 2834 derant,
392 2773 508 2837 regem
539 2774 638 2817 suum
673 2755 875 2833 evocant,
911 2754 958 2817 ut
993 2751 1041 2817 de
1071 2751 1223 2818 reditu
1251 2775 1348 2818 con-

219 2895 404 2961 sultent.
427 2894 516 2960 Vide
539 2893 602 2962 Od.
624 2894 711 2958 XXI
731 2931 774 2940 -
798 2894 873 2960 380.

262 3035 430 3104 Similiter
456 3037 547 3124 apud
567 3036 753 3101 Pindarum
776 3034 922 3120 legimus
944 3035 1029 3102 haec
1053 3036 1161 3121 (Nem.
1182 3037 1202 3101 I
1225 3074 1267 3082 -
1291 3038 1346 3119 60)

216 3179 338 3256 yram
371 3178 565 3242 b's'zaihsm
601 3180 672 3251 Διὲς
702 3179 829 3258 ὑψίστου
860 3178 1025 3259 προφάταν
1048 3177 1154 3260 {tegor
1176 3181 1241 3243 κτὲ.
1264 3179 1346 3244 Am-

216 3304 359 3408 phitr'yo
383 3322 431 3416 111
455 3322 624 3388 russiam
647 3323 691 3388 aa
714 3346 750 3388 se
772 3321 1346 3401 voeat‚utaefi1nfaaomnanm

216 3465 446 3532 venerabilem
469 3465 624 3532 consulat
645 3489 767 3532 senem.
792 3466 919 3532 Eodem
938 3488 1037 3532 sensu
1050 3465 1133 3532 Ant.
1149 3466 1190 3531 19
1201 3464 1346 3550 legimus

216 3607 356 3672 verbnm
387 3605 568 3682 ἐκπέμπειν.
600 3606 743 3672 Omnino
767 3607 1004 3673 conferendum
1028 3606 1137 3674 Schol.
1162 3607 1210 3672 ai
1234 3609 1300 3672 784
1322 3602 1348 3670 οἳ

215 3745 348 3830 (Aiacis
378 3746 539 3832 ministri)
571 3749 609 3819 ὥς
640 3747 692 3810 ἐπὶ
721 3747 847 3830 μεγάλῃ
879 3747 1033 3830 ,resciret
1055 3750 1230 3812 ἕκκκλεῦσιν
1253 3750 1345 3823 αὐτόν

216 3886 466 3974 (Tecmessam),
488 3893 529 3955 ut
552 3889 594 3954 de
615 3888 734 3956 Aiacis
757 3890 829 3956 scil.
856 3894 947 3958 sorte
969 3914 1043 3957 eam
1066 3891 1289 3976 interrogent.

259 4029 389 4096 Versus
414 4055 554 4119 sequens
578 4033 612 4095 τὸ
630 4031 691 4112 γὰρ
713 4039 820 4111 τυχεῖν
844 4031 951 4103 adroic
972 4030 1058 4096 sirau
1081 4033 1141 4116 (sic
1153 4032 1207 4118 L.)
1220 4031 1344 4096 ἐνταῦθ’

217 4169 276 4244 ἔνι,
298 4172 382 4237 mihi
406 4178 580 4261 suspectus
604 4178 673 4257 est,
697 4174 786 4261 quod
808 4175 896 4240 nihil
918 4176 998 4244 novi
1020 4175 1167 4242 orationi
1190 4175 1346 4243 Creontis

216 4313 323 4380 addit.
357 4313 411 4379 Ex
443 4315 628 4382 minoribus
660 4316 760 4383 libris
789 4317 892 4403 vulgo
922 4317 1107 4404 corrigitm·
1132 4318 1344 4380 113τοῖ11πᾶ1.

216 4455 382 4522 Schmidt:
415 4452 459 4519 ὧν
486 4437 679 4537 γὰρ’ωχεῖν
701 4458 831 4536 ἐρῶσι,
854 4457 970 4521 πέντ’
995 4460 1033 4521 ἐν
1056 4459 1141 4538 τῷδ’
1167 4458 1216 4523 ἔνι.
1242 4459 1344 4526 Tales

214 4597 428 4667 coniecturae
450 4599 553 4669 utiles
578 4603 674 4686 sunt,
698 4601 787 4693 quod
809 4601 963 4670 indicant
985 4625 1135 4688 sensnm,
1158 4603 1217 4695 qui
1235 4603 1345 4695 requi·
