3490 5540
759 814 822 881 131

223 1035 255 1077 v.
266 1010 435 1078 Leeuwen
446 1033 501 1098 pg.
513 1011 586 1076 147.
600 1011 791 1078 Omittebat
800 1012 887 1078 enim
895 1013 1109 1100 magistellos
1120 1039 1168 1082 vs.
1177 1015 1355 1080 soa-428

225 1152 384 1239 (paginae
408 1152 606 1239 dimidium),
630 1159 808 1242 postquam
831 1161 945 1223 autem
967 1161 1043 1243 post
1065 1180 1114 1222 vs.
1139 1157 1205 1221 403
1219 1156 1355 1243 scripsit

222 1296 418 1378 soe-407,
453 1295 577 1362 vitium
612 1296 865 1364 animadvertit.
902 1297 1014 1384 Magis
1043 1320 1123 1364 vero
1146 1299 1353 1364 membrana-

223 1462 299 1504 rum
329 1439 553 1526 elegantiam,
585 1462 686 1526 quam
716 1444 832 1507 textus
863 1440 1101 1526 integritatem
1131 1464 1253 1507 curans
1276 1449 1353 1529 post

223 1603 273 1646 vs.
296 1581 362 1646 407
386 1580 520 1647 addidit
541 1583 729 1647 408-428.

267 1863 336 1931 Ad
369 1891 392 1933 v
405 1890 430 1933 s.
464 1866 572 1932 445:

421 2007 570 2088 κομιζέτω
595 2006 682 2082 δῆθ’·
707 2009 745 2079 ὡς
768 2010 868 2088 παρὼν
890 2009 926 2072 σύ
949 2013 981 2086 γ’
1005 2010 1143 2087 ἐμποδὼν

423 2152 531 2229 ὀχλεῖς
554 2149 660 2223 συθείς
682 2150 751 2214 τ’ἒν
774 2152 823 2214 οὐκ
848 2151 884 2215 ἂν
907 2151 1047 2230 attrahar
1070 2153 1170 2218 artior.

267 2292 300 2358 A
323 2301 347 2356 Γ
370 2291 406 2355 oo'
427 2295 472 2370 γ’,
496 2294 525 2358 L
550 2346 557 2359 .
583 2347 590 2360 .
617 2347 624 2359 .
647 2295 691 2370 γ’,
715 2295 758 2360 Lr
780 2318 829 2374 γρ.
853 2294 945 2370 σύγε,
968 2318 988 2356 o
1010 2293 1052 2357 rot
1075 2296 1107 2371 ν’
1131 2299 1167 2362 et
1192 2295 1272 2371 σύγ’.

265 2437 347 2502 Iure
370 2435 526 2503 Meineke
549 2460 609 2524 pro
633 2437 755 2500 πλέον
778 2437 934 2504 restituit
957 2437 1046 2518 πέρν.

266 2577 503 2646 Schneidewin
525 2584 639 2646 autem
662 2581 767 2647 verha
791 2579 930 2657 ἐμποδὼν
952 2581 1058 2659 ὀχλεῖς
1082 2581 1230 2668 explicat
1253 2585 1349 2664 „tur-
1426 2655 1430 2658 ,

221 2722 281 2788 bas
314 2725 355 2787 ut
387 2721 433 2788 sis
466 2721 704 2809 impedimento
737 2723 913 2810 quominus
944 2723 999 2788 dei
1029 2723 1123 2790 iussa
1152 2725 1348 2811 exsequar.”

219 2862 373 2930 Schmidt
407 2864 475 2951 (pg.
503 2863 583 2946 363)
616 2864 791 2952 proposuit
825 2867 863 2936 ὥς
897 2868 996 2946 napea
1020 2865 1056 2929 σύ
1077 2868 1109 2943 γ’
1134 2867 1311 2943 {mator
1336 2875 1346 2952 3¹

218 3007 341 3082 ν’χλεῑς,
372 3005 432 3072 sed
453 3007 556 3073 verbo
580 3007 715 3082 ἕννελέιν
738 3007 794 3074 hic
816 3008 907 3075 locus
931 3033 997 3074 non
1020 3013 1082 3076 est.
1108 3010 1220 3076 Minus
1243 3011 1347 3077 etiam

218 3145 347 3232 placet,
372 3147 461 3235 quod
484 3148 628 3215 coniecit
650 3147 757 3215 idem:

684 3291 722 3363 ὡς
745 3291 847 3370 repeto
868 3316 917 3367 με
941 3291 1148 3368 torrefacto

263 3431 381 3508 ν’χλεῑς,
400 3427 506 3502 συθεὶς
529 3429 570 3494 δέ
593 3431 681 3507 μ’νύκ
701 3429 737 3493 ἂν
757 3431 896 3508 νὶλγύνννς
919 3432 1055 3508 λέγων,
1075 3434 1150 3500 coll.
1164 3437 1202 3501 O.
1216 3436 1257 3501 R.
1271 3438 1345 3502 986.

263 3572 391 3639 Contra
423 3573 524 3641 valde
558 3561 642 3639 mihi
666 3575 799 3641 arridet
820 3576 1028 3660 emendatio,
1052 3600 1150 3664 quam
1173 3579 1347 3665 proposuit

218 3739 250 3779 v.
274 3715 485 3782 Herwerden
518 3712 667 3792 κομιζέτω
702 3714 767 3790 δῆτ’
803 3716 987 3779 ἐκποδών·
1030 3716 1073 3781 σὺ
1108 3717 1346 3799 “step-rapoto

217 3856 324 3936 ὀχλεῖς
345 3858 409 3920 art.
434 3857 501 3924 Vix
525 3857 613 3923 enim
636 3858 768 3940 dubito,
792 3859 874 3946 quin
896 3859 985 3926 hunc
1007 3860 1116 3927 locum
1139 3863 1348 3949 spectaverit

217 3999 460 4067 Demosthenes
494 4001 594 4082 (XIX
618 4037 660 4049 -
684 4001 760 4082 181)
795 4005 841 4092 adv
875 4001 949 4064 δ’ἕτν
984 3971 1022 4065 ἂν
1051 4003 1095 4079 μὴ
1125 4001 1200 4067 xxS'
1232 4005 1345 4085 ἡμέραν

216 4143 299 4219 teir
329 4144 440 4224 ἐνοχλῇ
469 4142 522 4206 xxi
552 4144 674 4223 rapto
703 4153 825 4224 λυπῇ,
857 4148 1010 4225 πνρνρνῖτε
1037 4148 1208 4225 κτὲἕχλεῑν
1230 4150 1345 4214 autem

216 4285 308 4351 idem
339 4307 413 4351 csse
448 4289 549 4374 atque
584 4291 690 4348 λυπεῖν
719 4286 870 4353 ostendit
904 4312 935 4354 v.
961 4311 989 4354 c.
1020 4288 1214 4375 Hesychius
1245 4291 1344 4368 ἕχλεῑ·

216 4436 316 4494 λυπεῖ.
338 4428 543 4496 ,Notandum
572 4432 753 4515 praeterea
784 4434 837 4496 est
859 4431 898 4495 L.
922 4434 963 4497 ut
985 4431 1072 4512 dixi,
1098 4431 1224 4497 habere
1238 4485 1244 4496 .
1259 4485 1287 4496 ..
1311 4432 1343 4506 ν’

217 4578 266 4655 et,
301 4576 391 4638 teste
420 4571 555 4662 quidem
587 4570 789 4655 Schmidtio‚
822 4596 923 4661 super
951 4574 1107 4639 litteram
1138 4599 1162 4652 μ
1187 4574 1343 4642 vocabuli
