3466 5536
975 816 995 879 6

419 1009 572 1095 thting.
594 1011 693 1094 1852)
717 1009 980 1097 insuperabilem
1003 1009 1069 1076 fati
1091 1009 1160 1078 vim
1183 1009 1381 1078 invenimus.
1406 1007 1546 1092 Fatum,

418 1153 530 1241 inquit
559 1152 746 1230 Pindarus,
784 1155 846 1219 aut
870 1153 1034 1236 dolorem,
1061 1156 1122 1222 aut
1145 1151 1308 1239 gaudium
1330 1151 1423 1240 parit
1445 1151 1550 1218 homi-

419 1295 525 1369 nibus
551 1295 616 1382 (Ol.
640 1295 800 1382 11-70):

621 1435 655 1513 ἐξ
678 1434 766 1518 οὗπερ
789 1434 902 1502 ἔκτεινε
926 1444 1008 1520 Λρῖον
1031 1436 1157 1518 μόριμος
1180 1437 1240 1510 υίὸς

622 1578 854 1657 συναντόμενος,
879 1581 908 1643 ἐν
933 1579 966 1643 δὲ
989 1578 1110 1644 Πυθῶνι
1133 1579 1269 1661 χρησθὲν

734 1722 938 1804 ποολοοίφοοτον
961 1721 1114 1788 τέλεσσεν.

467 1867 604 1955 Itaque,
641 1867 670 1934 si
703 1867 888 1934 Pindarum
922 1869 1094 1954 audimus,
1130 1869 1296 1958 Oedipus,
1328 1869 1447 1937 fatalis
1471 1869 1550 1936 Laii

423 2009 531 2093 filius,
555 2014 655 2079 vetus
678 2011 849 2077 oraculum
873 2012 1040 2101 explevit,
1074 2035 1175 2101 quam
1198 2013 1237 2079 ob
1261 2035 1333 2080 rem
1356 2014 1397 2080 de
1423 2014 1551 2102 culpa

424 2153 568 2239 cogitari
601 2178 667 2220 non
700 2158 821 2242 potest.
850 2155 880 2242 ¹)
915 2154 1041 2223 Audax
1063 2157 1266 2244 aenigmatis
1291 2157 1460 2246 interpres
1484 2180 1550 2224 non

423 2299 562 2384 propter
597 2320 675 2364 sua
709 2297 837 2365 scelera
871 2321 994 2387 poenas
1029 2299 1105 2366 dat:
1137 2302 1211 2366 tota
1240 2322 1323 2387 gens
1354 2299 1432 2366 Laii
1455 2300 1550 2367 luctu

424 2438 595 2523 obruitur,
630 2443 875 2528 parentumque
903 2441 1036 2529 culpam
1069 2441 1137 2507 luit
1171 2464 1232 2508 rex
1265 2442 1478 2510 miserabilis.
1517 2441 1547 2526 2)

426 2581 573 2670 Oedipus
596 2587 729 2671 patrem
752 2584 890 2651 occidit:
916 2589 1003 2671 esto;
1029 2585 1087 2652 scd
1110 2584 1194 2652 Laio
1218 2589 1294 2652 erat
1323 2586 1550 2673 praedictum:

693 2725 773 2806 airalp
808 2727 1099 2808 πεπρωμένον
1133 2719 1213 2792 ἐστίν

693 2870 743 2930 σοῦ
768 2867 876 2940 ποινδίς
900 2867 1036 2949 χείρεσσι
1060 2874 1159 2933 λιπεῖν
1183 2867 1273 2950 Φοίος.

471 3010 632 3080 Peccavit
674 3012 798 3098 Laius,
840 3013 899 3102 qui
940 3010 1103 3094 κροτηθεὶς
1145 3014 1178 3076 ἐκ
1221 3011 1317 3094 φίλων
1352 3013 1552 3100 (Ιοουεουοί)

428 3153 576 3232 adornas
618 3177 712 3222 suam
749 3154 822 3243 ipse
854 3156 989 3244 peperit
1021 3155 1219 3244 perniciem;
1258 3156 1405 3244 Oedipus
1441 3159 1555 3223 autem

428 3301 603 3386 totumque
633 3320 739 3383 genus
769 3297 914 3365 miseriis
939 3297 1155 3387 opprimitur,
1180 3298 1267 3386 quod
1289 3298 1442 3365 Labdaci
1463 3298 1554 3364 filius

430 3439 584 3528 Apollini
606 3464 672 3507 non
692 3443 864 3528 paruerat.
885 3439 927 3505 In
941 3440 1105 3528 Oedipum
1117 3441 1288 3529 quadrant
1300 3441 1421 3525 verba,
1435 3441 1555 3529 quibus

432 3583 551 3650 chorus
572 3583 767 3672 adloquitur
785 3582 995 3669 Antigonam
1016 3581 1111 3669 (Ant.
1132 3582 1228 3668 856):
1251 3583 1385 3664 ποοτρῷον
1403 3581 1556 3656 δ’ἒκτίνεις

474 3816 501 3890 ¹)
522 3816 666 3890 Chrysippi
686 3817 783 3890 raptus
800 3815 873 3889 apud
891 3813 1052 3888 Sophoclem
1062 3831 1199 3888 nusquam
1210 3817 1445 3874 commemoratur.
1455 3815 1560 3875 Notan-

429 3914 495 3972 dum
515 3917 557 3972 est
577 3913 651 3988 apud
671 3913 901 3972 Lacedaemonios
931 3913 1021 3971 dirum
1049 3913 1137 3971 fatum
1157 3930 1188 3972 eo
1208 3913 1303 3982 leniri,
1324 3913 1396 3988 quod
1416 3930 1449 3973 ex
1467 3931 1559 3974 eorum

429 4013 633 4070 narrationibus
663 4013 721 4086 ipse
751 4012 871 4086 Oedipus
902 4029 994 4070 amore
1020 4011 1160 4086 deperibat
1187 4011 1349 4086 Chrysippi3
1377 4012 1426 4070 alii
1446 4015 1560 4070 narrant

431 4111 566 4184 Oedipum
586 4111 615 4169 in
635 4110 749 4183 pulchro
769 4110 866 4169 iuvene
886 4110 1016 4185 rapiendo
1035 4110 1102 4168 Laio
1123 4126 1201 4183 opem
1221 4110 1403 4184 praestitisse.

474 4219 500 4288 2)
521 4219 672 4276 Parentum
702 4219 813 4291 culpam
843 4235 860 4275 a
889 4217 955 4275 filiis
985 4217 1184 4290 nepotibusque
1210 4217 1251 4275 lui
1278 4217 1361 4290 vulgo
1388 4217 1560 4286 credebatur,
1586 4251 1589 4257 -
1700 4281 1701 4300 ρ

431 4318 467 4376 ef.
487 4316 585 4374 Nauck
605 4333 652 4389 pg.
673 4318 728 4387 21,
749 4316 878 4390 Aeschyl.
900 4317 973 4388 Sept.
994 4316 1056 4374 adv.
1077 4315 1161 4374 Theb.
1185 4317 1242 4375 784
1263 4332 1322 4389 sqq.

470 4414 519 4469 τὰς
536 4410 670 4474 δ’ἑβδίμοις
686 4411 790 4477 (πίλοις)
807 4441 837 4450 -
854 4411 987 4460 Ἀπόλλων
1004 4410 1092 4470 εἵλετ’,
1112 4408 1216 4460 Οἰδίπου
1231 4408 1301 4473 γένει
1316 4411 1327 4477 ί
1335 4413 1435 4472 κραίνων
1449 4412 1563 4468 παλαιὰς

435 4502 519 4553 Λαίου
537 4501 702 4568 δυσβουλίας,
731 4500 762 4556 Ο.
794 4499 824 4558 O·
856 4499 913 4558 965
945 4496 1040 4576 (verba
1071 4501 1136 4556 sunt
1166 4496 1292 4576 Oedipi):
1323 4531 1362 4541 -
1383 4505 1518 4567 θεοῖςγίορ
1535 4501 1564 4561 ἦν

434 4593 497 4641 οὕτω
514 4595 587 4654 φίλον
604 4597 614 4659 ί
632 4594 697 4657 τάχ’
716 4593 744 4642 aa
762 4612 787 4643 πο
805 4597 931 4655 μννίουονν
948 4593 984 4651 είς
1000 4592 1177 4656 piscencium.
