3490 5540
775 828 838 894 105

239 1027 307 1088 τοτ’
341 1021 459 1097 itala,
506 1025 565 1090 sed
597 1024 708 1113 potius
743 1020 816 1086 ποθ’
852 1020 952 1086 aasz»
994 1023 1064 1108 (de
1109 1024 1367 1112 engeluklrige).

228 1259 234 1266 μ
283 1167 489 1268 Prudentius
513 1168 658 1234 fortasse
682 1167 749 1232 erit
771 1188 845 1233 cum
868 1165 1099 1233 Herwerdeno
1118 1171 1194 1253 post
1213 1167 1366 1234 voculam

241 1313 309 1375 τοτ’
333 1313 486 1377 statuere
509 1310 675 1376 lacunam.

284 1533 353 1601 Ad
386 1557 446 1600 vs
484 1532 587 1598 1262:

752 1647 785 1710 ἐκ
808 1645 842 1709 δὲ
866 1643 1030 1723 πυθμένων

350 1785 717 1870 antecantamenta,
740 1786 918 1865 caprena
942 1787 1048 1868 στὲγῳ.

285 1936 406 2001 Omnes
442 1934 653 2000 coniecturae
687 1955 796 2000 vanae
829 1934 923 1999 sunt:
955 1928 1076 2013 κλῇθρα
1101 1955 1226 1998 summo
1251 1932 1370 2000 iurea

239 2076 392 2164 Nauekio
416 2076 606 2165 explicatur
632 2075 964 2161 „lverschliessendm
988 2075 1116 2157 Thiir”‚
1140 2081 1230 2138 κοῖλον
1255 2079 1369 2142 autem

242 2241 341 2286 sensu
381 2217 565 2306 proleptico
608 2192 809 2284 adhibetur.
842 2217 948 2284 Miror
983 2217 1148 2284 neminem
1183 2217 1370 2285 recentium

241 2360 434 2428 criticorum
460 2358 654 2427 laudavisse
677 2359 802 2441 locum,
833 2358 892 2447 qui
914 2360 1038 2447 optime
1068 2359 1127 2426 hos
1151 2382 1270 2427 versus
1287 2359 1372 2426 illu·

243 2508 348 2587 strat,
374 2504 513 2570 Theocr.
538 2503 609 2570 scil.
633 2502 753 2570 XXIV
780 2541 820 2548 -
847 2503 906 2567 15:

552 2642 605 2708 όθν
629 2641 764 2720 σταθμόν
787 2649 875 2708 κοῖλον
898 2641 1015 2725 &apator

285 2788 361 2854 οἴκου
390 2787 586 2874 (Kreussler
612 2811 671 2874 pro
698 2785 772 2850 οἷκον
799 2787 942 2854 coniecit
972 2772 1065 2871 οἶνον·
1085 2789 1127 2854 cf.
1151 2787 1248 2855 Pind.
1273 2787 1370 2854 Nem.

241 2935 326 3000 Ι-
345 2932 387 2998 41
414 2932 612 3006 ότενλήσονσοι
635 2934 751 3012 <baysio
775 2929 890 3012 βρέφος
914 2931 1080 3010 Ἡρκκλῆοο.
1105 2928 1222 2997 Aliter
1244 2930 1285 2996 de
1310 2925 1371 2996 hoc

241 3077 313 3142 loco
342 3074 473 3142 iudicat
503 3073 565 3140 Th.
590 3073 747 3160 Maguire
770 3072 928 3157 (Journal
952 3072 988 3137 of
1008 3071 1189 3160 Philology
1213 3071 1288 3138 Vol.
1312 3072 1370 3137 III

243 3241 298 3307 pg.
322 3219 412 3303 277).

288 3359 385 3443 Quod
417 3360 544 3427 attinet
579 3359 622 3426 ad
652 3329 760 3426 verba
788 3381 863 3424 mox
894 3359 1071 3446 sequentia
1101 3357 1213 3444 (1273)
1244 3359 1317 3421 ἀλλ’
1342 3359 1371 3422 ε’ν

243 3500 337 3582 σκότῳ
361 3541 404 3548 -
428 3489 551 3582 όψοόον9’
577 3503 618 3568 cf.
643 3501 752 3568 Schol.
790 3500 845 3568 Αἱ.
870 3502 936 3567 954
965 3500 1164 3565 κελκννώτκν·
1190 3496 1246 3564 οἷον
1269 3501 1318 3564 οὐκ
1342 3501 1371 3563 ἐν

242 3645 283 3726 τῷ
306 3643 425 3726 Φοινέρῳ
449 3644 521 3708 ἀλλ’
546 3644 575 3708 εό
599 3641 694 3724 σκότῳ
717 3643 771 3718 ἤδη
794 3641 985 3721 βλεπόμενον
1008 3644 1072 3711 κτὲ.
1107 3643 1232 3711 Nostro
1255 3647 1370 3710 tamen

242 3786 313 3854 loco
336 3786 365 3849 ἐν
388 3783 483 3865 σκότῳ
506 3785 573 3865 lpas
597 3785 687 3853 idem
711 3809 783 3854 esse
806 3786 944 3854 videtur
968 3808 1007 3853 ao
1029 3786 1072 3862 μὴ
1096 3786 1172 3866 ipati.

287 4009 355 4075 Ad
389 4032 448 4078 vs.
483 4008 590 4075 1320:

442 4149 493 4215 cal
517 4148 631 4228 θοοῡμκ
653 4153 684 4228 γ’
708 4150 790 4214 οὐδὲν
813 4151 843 4213 ἐν
865 4150 1000 4214 τοσοῖσδε
1025 4150 1161 4227 τήμκσνν

443 4294 541 4358 liutai
563 4317 599 4357 σε
622 4291 760 4376 πενθεῖν,
784 4294 849 4357 ccl
873 4294 971 4358 δνσλοῖ
995 4296 1131 4374 Φορεῖν
1154 4291 1245 4358 κκκοό.

289 4440 389 4519 Φορεῖν
412 4437 499 4526 quod
522 4437 726 4504 recentiores
750 4438 916 4524 praebent
939 4436 1085 4519 codiceS,
1110 4435 1184 4503 iure
1209 4458 1229 4501 a
1250 4433 1369 4522 pleris-

243 4603 308 4668 que
330 4579 495 4666 recipitur
517 4594 576 4668 pro
599 4577 713 4659 Φέρενν,
732 4578 820 4668 quod
838 4579 942 4645 habet
961 4579 1063 4645 Laur.
1078 4579 1166 4647 Vide
1185 4580 1369 4646 Hermann.
