3466 5536
731 789 774 854 53

187 983 248 1048 alii
272 982 364 1068 alia).
398 983 465 1049 Sed
496 983 582 1048 nihi]
613 983 819 1066 mutandum,
844 984 958 1052 verbis
982 988 1116 1051 tantum
1139 985 1200 1051 hoc
1223 985 1317 1051 modo

186 1124 333 1212 virgulis
357 1125 546 1193 distinctis:

676 1267 734 1344 ἐγὼ
758 1267 786 1330 δ’
811 1268 841 1330 οὐ
864 1269 908 1345 μή
933 1291 1007 1332 ποτε

229 1407 321 1486 τᾶμ’,
352 1409 389 1481 ὡς
419 1407 455 1472 dv
484 1407 559 1473 εἴπω
590 1410 633 1486 μὴ
666 1408 709 1472 τὰ
739 1411 779 1482 π’,
803 1409 920 1489 ἕκφήνω
950 1409 1049 1489 araci,
1082 1415 1122 1477 ut
1152 1410 1316 1498 iungatur

184 1552 215 1615 οὐ
239 1552 283 1628 μή
307 1575 380 1616 ποτε
404 1551 521 1632 ἐκφήνω
543 1551 635 1629 raia&
657 1551 749 1626 κωκνῖ,
773 1554 811 1625 ὡς
835 1551 871 1616 ἴεν
893 1553 936 1629 μὴ
961 1550 1033 1616 εἴπω
1057 1551 1098 1616 roi
1121 1553 1163 1616 σὰ
1185 1552 1278 1620 κωκνῖ.

228 1695 438 1762 Vocabulum
468 1693 551 1758 κωκνῖ
578 1699 691 1762 autem
715 1695 841 1783 duplici
865 1719 965 1762 sensu
989 1699 1043 1762 est
1066 1696 1312 1784 accipiendum:

183 1835 381 1915 rolaincurt
412 1837 500 1904 enim
527 1837 713 1925 significat,
748 1841 788 1903 ut
821 1837 897 1903 iure
927 1839 1122 1906 observavit
1143 1838 1312 1921 Lindner,

187 1983 298 2067 „mala
331 2004 406 2048 mea
439 1981 634 2064 vaticinia'',
666 1980 708 2044 πω
737 1981 778 2045 aa
800 1980 883 2045 κωκνῖ
906 2005 987 2050 vero
1014 1981 1123 2067 „mala
1146 1985 1208 2048 tua
1231 1982 1311 2048 faci-

182 2124 298 2191 nora'’.
341 2124 463 2212 Itaque
506 2123 590 2189 dicit
632 2123 799 2190 Tiresias:
834 2145 1014 2212 numquam
1049 2124 1139 2191 mala
1174 2124 1312 2212 eloquar

182 2267 348 2335 vaticinia
380 2288 464 2349 mea,
496 2289 539 2331 ne
567 2265 629 2331 hoc
659 2264 787 2332 faciens
811 2269 874 2331 tua
894 2265 986 2333 mala
1007 2266 1160 2332 facinora
1180 2267 1310 2354 patefa-

181 2410 283 2475 ciam:
309 2409 357 2476 sic
388 2410 499 2475 omnia
522 2413 614 2476 recte
638 2432 673 2475 00
697 2409 833 2475 habent.
869 2409 961 2474 Bene
986 2408 1053 2474 iam
1077 2408 1186 2475 Schol.
1212 2408 1310 2475 adno-

180 2551 272 2620 tavit
305 2552 355 2614 οὐκ
388 2552 510 2631 ἐκφωνῶ
545 2551 605 2638 (sic
638 2551 749 2617 nescio
785 2573 829 2617 an
859 2554 952 2617 recte
974 2550 1228 2637 Papageorgius
1250 2574 1311 2638 pro

186 2696 329 2780 ἐμΦνννῶ)
364 2693 406 2758 rai
441 2693 505 2771 ε’μνὶ
540 2692 597 2768 ἔπη
628 2693 663 2779 (i.
688 2717 716 2760 0.
741 2693 917 2768 vaticinia)
953 2691 1000 2757 ἴνω
1028 2694 1071 2770 μὴ
1102 2693 1144 2756 πω
1174 2693 1216 2756 σὰ
1239 2692 1312 2758 εἴπω

181 2838 274 2905 axani.
310 2838 432 2906 illelius
467 2837 576 2905 Schol.
611 2838 779 2905 recentior
813 2838 844 2900 οὐ
874 2839 918 2914 μή
949 2861 1024 2900 ποτε
1057 2835 1130 2900 εἴπω
1161 2837 1214 2910 τὴν
1237 2837 1311 2914 ἐμὴν

181 2981 347 3067 μωνπεῖων,
372 2983 410 3053 ὡς
433 2980 469 3044 ἴεν
492 2986 536 3058 μὴ
559 2980 679 3061 Φωνερνῖ
702 2981 812 3055 ποιήσω
835 2978 1114 3046 1110νῖ110κῖωῇ
1137 2979 1311 3046 Hermann

180 3126 240 3214 qui
264 3129 356 3192 recte
380 3125 421 3191 de
443 3125 505 3192 hoc
527 3125 597 3191 1000
621 3123 796 3192 iudicavit.

226 3269 333 3356 Saepe
357 3267 445 3334 enim
465 3267 555 3355 apud
574 3267 769 3354 Sophoclem
787 3290 889 3331 unum
909 3265 1108 3334 vocabulum
1128 3264 1310 3352 dupliciter

181 3414 235 3477 est
258 3409 504 3498 explanandum
527 3413 563 3475 01
581 3409 705 3497 optime
724 3408 806 3475 talis
827 3407 1032 3494 ambiguitas
1045 3409 1204 3475 obscurae
1217 3407 1307 3476 vatis

178 3551 320 3619 dictioni
344 3556 396 3618 est
419 3551 675 3619 accommodata.

224 3694 275 3760 Cf.
300 3694 337 3760 Ο.
362 3695 404 3760 R.
429 3693 606 3758 249-250
629 3691 688 3755 οὐδ’
713 3691 738 3756 εἴ
760 3691 821 3771 γὰρ
844 3686 876 3764 ἦν
899 3691 940 3754 πὸ
965 3715 989 3754 π
998 3693 1072 3771 pay
1081 3715 1137 3768 μω
1171 3692 1214 3768 μὴ
1234 3689 1308 3766 θεή-

178 3851 281 3909 λωπνν,
306 3833 482 3915 νῖκνῖθνιρπω
504 3835 587 3911 ὑμᾶς
611 3833 686 3907 ε’ἴκὸς
710 3829 741 3907 ἦν
764 3830 854 3905 οὕτως
877 3834 947 3907 iaia,
971 3833 1030 3900 ubi
1052 3834 1176 3923 optime
1197 3835 1306 3900 obser-

178 3980 276 4049 vavit
309 3977 464 4046 Wunder
497 3976 531 4041 πὸ
566 3979 718 4057 aprima,
752 3976 904 4043 iunctum
939 3999 1013 4042 cum
1047 3999 1127 4042 voce
1154 3973 1306 4049 θεήλωπνν

180 4123 505 4208 „investigationem
535 4120 687 4199 caedis'’,
711 4121 859 4187 relatum
882 4141 963 4187 vero
986 4118 1030 4185 ad
1053 4116 1230 4198 νῖκνῖθνρπνν
1253 4119 1305 4182 iaia

179 4266 313 4352 „ipsam
335 4263 471 4331 caedem
481 4263 499 4292 ’'
520 4262 723 4349 significare.
744 4261 800 4329 Sic
818 4261 886 4328 iam
897 4260 1065 4328 Pindarus
1080 4260 1144 4347 (Ol.
1159 4261 1177 4325 I
1193 4299 1233 4308 -
1247 4261 1303 4346 91)

174 4409 259 4475 haec
281 4409 386 4474 habet
409 4404 475 4470 ἕλεν
499 4403 676 4482 δὈἴννμνῖων
697 4404 770 4482 βίων
789 4401 938 4484 πωρθὲννν
956 4428 992 4468 πε
1012 4402 1150 4467 σύνευνον·
1176 4403 1302 4470 Eodem

172 4550 269 4618 modo
314 4551 404 4642 apud
444 4552 644 4634 Homerum,
687 4549 833 4616 omnium
873 4551 1050 4638 poetarum
1082 4547 1301 4636 magistrum,
1396 4629 1399 4636 Ι
