3490 5540
746 779 787 843 81

203 973 319 1061 Suppl.
351 975 416 1039 269
448 972 643 1054 ἰατρόμαντις
677 979 752 1044 παῖς
780 971 972 1043 Ἀπόλλωνος
996 971 1096 1060 (Apis
1121 972 1216 1056 scil),
1241 971 1333 1058 Sept.

204 1115 268 1180 721
299 1113 486 1191 κακόμαντιν
515 1067 630 1195 πατρίς
661 1113 804 1178 εὐκταίαν
834 1113 964 1194 Ἐρινύν,
997 1112 1142 1201 Choeph.
1177 1114 1263 1178 1028
1286 1112 1336 1176 τὸν

204 1255 398 1335 πυθόμαντιν
428 1257 542 1334 Λοξίαν
572 1318 617 1327 -
646 1259 741 1325 Pers.
765 1258 848 1341 224,
872 1257 969 1323 Eum.
994 1258 1054 1340 62,
1080 1256 1147 1343 Ag.
1174 1257 1238 1322 125
1262 1257 1336 1322 sub-

204 1400 355 1468 stantive
396 1401 586 1467 huiusmodi
628 1399 921 1488 compositionibus
964 1397 1076 1465 utitur
1119 1397 1332 1483 Aeschylus;

202 1542 326 1609 ceteris
348 1542 429 1608 locis
454 1542 675 1628 significatio,
698 1545 739 1608 ut
761 1541 893 1628 opinor,
918 1540 1099 1606 diiudicari
1121 1563 1187 1606 non
1209 1541 1331 1626 potest.

249 1687 278 1768 b)
302 1685 392 1773 apud
415 1685 629 1773 Sophoclem:

249 1826 550 1908 οὶριστίααντις
572 1828 661 1896 Phil.
688 1829 784 1894 1338.

250 1967 511 2046 ποθίριαντις
536 1970 574 2036 Ο.
599 1971 641 2036 R.
666 1971 742 2035 965.

249 2110 527 2188 σεμνίμαντις
550 2112 588 2179 0.
613 2113 655 2178 R.
681 2113 756 2178 556.

250 2253 529 2332 ψευδόμαντις
551 2255 589 2321 Ο.
615 2253 651 2320 C.
678 2255 775 2319 1097.
799 2251 851 2318 Cf.
875 2252 929 2319 El.
942 2255 1009 2318 475
1021 2248 1094 2318 εἶσιν
1107 2252 1128 2315 οὶ
1141 2252 1308 2332 πρόμαντις
1321 2251 1332 2339 ,¹

207 2395 305 2468 Δίκα,
340 2396 399 2461 uhi
431 2396 578 2484 priorem
611 2396 721 2463 Schol.
757 2396 1014 2484 explicationem
1044 2396 1284 2484 praetulerim:
1316 2398 1333 2469 ἡ

206 2536 469 2617 προμαντευομὲνν
490 2537 532 2601 τοὶ
556 2538 723 2615 μέλλοντα.

249 2680 303 2745 Ex
324 2679 378 2747 his
401 2678 595 2757 τοθίρααντις
607 2682 813 2750 adieetivum
825 2686 878 2749 est
890 2682 928 2747 Ο.
942 2683 984 2748 R.
998 2684 1064 2748 965
1076 2683 1129 2755 τὴν
1141 2679 1334 2758 πυθόμαντιν

206 2820 319 2884 ἑστίαν.
342 2820 550 2901 ψευδόμαντις
573 2824 824 2892 substantivum
847 2827 900 2926 est
923 2824 961 2890 Ο.
988 2824 1024 2891 Ο.
1051 2825 1151 2909 1097;
1166 2824 1334 2891 adieetivo

205 2988 307 3031 sensu
318 2965 480 3032 adhibere
499 2967 645 3054 potuit
660 2966 838 3054 Sophocles
856 2963 1061 3043 σεμνίμαντις
1073 2971 1108 3032 et
1120 2964 1335 3047 αριστόμαντις

206 3108 246 3174 Ο.
270 3109 313 3174 R.
337 3109 419 3192 556,
443 3108 533 3174 Phil.
559 3109 655 3175 1338.

251 3253 278 3333 ο)
302 3250 392 3338 apud
413 3250 616 3317 Pindarum:

251 3391 326 3458 Uno
348 3397 483 3459 tantum
504 3393 576 3459 loco
599 3393 715 3460 inveni
738 3394 938 3460 vocabulum
961 3394 1178 3481 compositum
1197 3417 1272 3459 cum
1290 3455 1336 3462 -

206 3559 335 3611 μαντις,
369 3535 465 3600 Nem.
502 3535 574 3601 scil.
609 3535 645 3618 I,
678 3536 719 3600 61
750 3535 873 3612 γείτονα
898 3535 1091 3600 δ’ἕκκοίλεσεν
1115 3535 1186 3607 Διὸς
1208 3535 1336 3614 ὑψίστου

207 3676 372 3758 προροίταν
396 3675 502 3756 ἔξοχον
522 3675 728 3764 Ιίρθίροαντν
750 3677 925 3760 Τειρεσίαν,
948 3679 1008 3744 uhi
1026 3677 1207 3759 ίρῖιίρααντις
1228 3677 1336 3743 adiee-

206 3819 317 3886 tivum
347 3841 419 3885 esse
450 3818 598 3886 videtur.
630 3817 714 3886 Cum
745 3820 807 3886 hoc
829 3821 900 3887 loco
923 3821 1054 3887 omnino
1076 3819 1336 3908 comparandum

207 3961 349 4028 Theocr.
380 3963 516 4046 XXIV,
550 3964 681 4029 64-66
712 3964 870 4044 Τειρεσίαν
900 3963 976 4027 τίκα
999 3962 1147 4040 μοίντιν
1171 3961 1337 4026 ἀλαθέα

206 4102 343 4168 ποίντα
366 4104 540 4181 λέγοντα
562 4106 626 4171 κτὲ.

252 4246 414 4313 Fortasse
436 4247 559 4313 littera
581 4272 600 4310 σ
624 4247 727 4315 etiam
750 4249 855 4336 periit
874 4249 911 4314 in
934 4248 1034 4314 huius
1052 4247 1191 4314 fabulae
1210 4249 1337 4316 vs808

207 4386 226 4452 ὅ
230 4412 303 4469 χον
331 4387 602 4470 παραστείχοντα,
632 4391 762 4471 τηρήσας
786 4391 877 4468 μέσον
902 4389 913 4479 f
936 4389 1016 4471 κοίρα
1042 4391 1161 4462 διπλοῖς
1194 4390 1340 4471 κέντροισί

207 4554 267 4609 μον
286 4529 444 4603 καθίκετο,
456 4532 515 4597 ubi
527 4532 731 4599 Doederlein
744 4535 895 4621 reposuit
914 4533 929 4597 ἔ
936 4559 962 4613 χ
971 4557 984 4596 ο
993 4560 1009 4596 ν
1019 4559 1044 4605 ς.
1069 4534 1173 4600 Plura
1186 4534 1339 4621 exempla

1206 4643 1226 4706 6
