3466 5536
780 815 800 878 9

427 1009 523 1083 εἴτις
547 1011 580 1074 σὲ
604 1011 653 1075 τόν
678 1009 789 1075 δι’κοιιον
814 1009 912 1074 αὐτίκ’
934 1008 1046 1074 ἐνθάδε

426 1151 534 1217 κτείνοι
553 1152 736 1234 πορκστοός,
757 1153 874 1250 Ιπότεροι
896 1151 1051 1218 πννθόνοό
1076 1151 1112 1216 όιν
1135 1152 1160 1216 εἰ

429 1295 529 1376 ποιτήρ
551 1296 594 1358 o'o‘
618 1294 761 1370 κοιόνωνῆ
790 1294 871 1359 τίνοι’
897 1294 934 1358 όιν
959 1293 1090 1369 uittam
1117 1293 1147 1380 ¹)

273 1436 406 1524 Optime
442 1437 563 1526 Oedipi
596 1438 690 1505 factu
720 1438 941 1506 illustrantur
973 1438 1105 1521 fabula,
1133 1458 1220 1526 quae
1243 1434 1359 1507 inscri-

229 1579 323 1646 bitur
364 1579 511 1668 Oedipus
555 1578 757 1648 Colonaeus:
794 1581 974 1649 cohaerere
1009 1583 1124 1647 autem
1158 1579 1250 1645 inter
1286 1599 1360 1644 sese

231 1722 268 1792 Ο.
300 1723 342 1788 R.
379 1727 415 1790 et
449 1722 487 1790 Ο.
519 1723 555 1791 C.
590 1748 650 1792 nos
685 1724 782 1792 docet
815 1724 908 1791 locus
945 1748 963 1790 e
998 1723 1111 1811 priore
1146 1719 1265 1788 fabula
1299 1722 1359 1802 (vs,

231 1864 348 1949 1457),
372 1865 430 1930 ubi
454 1866 534 1932 Laii
556 1867 647 1934 filius
672 1867 856 1935 exclamat:

776 2012 806 2074 οὐ
829 2009 890 2091 γόιρ
913 2008 950 2074 ἄν
973 2032 1048 2074 ποτε
1103 2055 1106 2061 -

441 2150 573 2234 θνῄσκων
596 2151 711 2226 ἐσώθην
738 2153 781 2231 μὴ
806 2151 860 2217 ἐπί
882 2176 923 2232 τῳ
947 2152 1028 2233 δεινῷ
1051 2152 1143 2231 κκκῷ.

275 2292 317 2357 ln
358 2293 523 2362 Oolonaeo
565 2295 689 2362 Thesei
731 2296 895 2362 auxilium
938 2294 1174 2383 implorantem
1208 2290 1361 2360 videmus

231 2456 346 2519 regem
379 2436 627 2504 infortunatum
657 2438 773 2505 multis
800 2437 995 2525 peragratis
1026 2435 1147 2518 terris,
1179 2432 1361 2519 multisque

232 2575 418 2643 exanclatis
453 2577 644 2662 laboribus,
680 2580 724 2646 ad
757 2601 842 2668 quus
876 2578 1029 2646 miserias
1053 2578 1163 2644 locum
1185 2575 1363 2642 laudatum

234 2721 388 2804 spectare
410 2743 505 2787 nemo
527 2721 678 2807 negabit.

279 2860 388 2928 Minus
423 2864 621 2950 probabilis,
657 2865 810 2952 quamvis
846 2865 990 2947 blanda,
1020 2867 1073 2931 est
1103 2861 1297 2930 coniectura
1314 2860 1363 2959 'in

235 3027 302 3071 vss,
338 3004 574 3073 1460-1461:
611 3005 714 3088 ἄνδρες
744 3006 834 3081 εἰσίν,
866 3005 941 3071 ὥστε
970 2999 1013 3085 ’μὴ
1047 3005 1057 3094 l
1082 3004 1190 3070 σπόνιν
1223 3006 1291 3068 ποτ’
1328 3001 1363 3075 otu

237 3151 335 3225 σχεῖν,
364 3145 427 3211 ἔνθ’
460 3147 495 3211 όιν
519 3143 585 3222 ὦσι,
608 3153 659 3213 τοῦ
683 3149 749 3227 βίον
773 3153 879 3219 verba
902 3149 964 3215 ἔνθ’
991 3148 1028 3214 όιν
1050 3143 1103 3213 ὦσι
1127 3149 1170 3216 ad
1192 3145 1364 3236 Polynicis

237 3292 390 3376 spectare
425 3291 590 3359 exsilium.
621 3291 710 3360 Utut
746 3298 814 3372 est,
848 3293 969 3381 Oedipi
1004 3312 1163 3380 persona,
1199 3313 1299 3377 quam
1328 3289 1365 3354 in

236 3436 354 3500 nostra
375 3434 495 3501 fabula
516 3435 723 3520 invenimus,
748 3437 947 3504 illustratur
970 3435 1087 3502 multis
1110 3433 1193 3500 locis
1214 3457 1255 3500 ex
1275 3434 1313 3499 0.
1327 3431 1364 3497 O.

282 3575 325 3641 In
357 3576 419 3642 hoc
453 3577 607 3646 dramate
643 3583 756 3646 autem
786 3578 973 3645 identidem
1007 3577 1183 3644 confirmat
1218 3574 1365 3661 Oedipus

238 3718 332 3785 facta
356 3742 417 3786 sua
440 3743 512 3787 esse
532 3703 866 3805 involuntaria,
892 3745 928 3788 se
952 3742 973 3787 a
996 3721 1096 3808 culpa
1117 3719 1279 3801 liberum,
1300 3717 1367 3783 fati

238 3861 442 3930 necessitate
467 3868 632 3948 coactum,
656 3864 766 3953 patris
789 3865 918 3931 factum
941 3888 1014 3931 esse
1037 3863 1226 3945 occisorem,
1246 3861 1366 3928 matris

240 4002 387 4073 infelicis
429 4007 615 4092 coniugem.
650 4008 693 4074 cf.
728 4009 905 4075 266-267
941 4006 1009 4071 ἐπεὶ
1043 4005 1117 4085 τόγ’
1154 4005 1228 4087 ἔργοι
1262 4027 1320 4082 μον
1356 4001 1367 4089 ό

242 4145 406 4210 πεπονθότ’
430 4147 494 4212 ἐστὶ
514 4152 635 4227 μᾶλλον
654 4151 670 4225 ἢ
691 4150 858 4232 δεδροκότοι
873 4153 937 4216 κτὲ.
958 4152 1022 4219 521
1036 4153 1155 4232 ἤνεγκον
1167 4148 1312 4214 κοικότοιτ’
1328 4185 1368 4193 —-

217 4309 440 4322 ——n—

285 4390 312 4468 ¹)
333 4394 368 4450 cf.
393 4395 509 4454 Aristot.
523 4393 609 4468 1135,
630 4412 647 4452 a
668 4396 722 4454 28:
742 4399 876 4462 ἐνδέχεται
900 4397 927 4448 δὲ
950 4399 995 4448 τὸν
1013 4401 1170 4459 τυπτόμενον
1186 4395 1283 4456 πιιτέμοι
1299 4388 1370 4450 εἶναι,

246 4498 290 4547 τὸν
309 4496 332 4548 δ’
350 4498 389 4549 ότι
408 4499 454 4561 μὲν
472 4497 600 4564 ἅνθρωπος
616 4497 631 4557 ’ὴ
649 4503 698 4548 τῶν
715 4500 839 4563 παρόντων
853 4514 892 4556 τις
905 4494 1071 4559 γιγνώσκειν,
1085 4494 1123 4544 ότι
1134 4492 1161 4543 li
1170 4495 1251 4556 πατὴρ
1260 4491 1371 4556 ἀγνοεῖν,

241 4595 288 4654 ubi
307 4596 471 4655 Aristoteles
491 4596 524 4654 de
545 4595 647 4670 Oedipo
667 4595 802 4669 cogitasse
822 4594 938 4654 videtur.
