3466 5536
709 837 798 903 ’41

261 1030 410 1117 Theogn.
438 1032 504 1097 442
536 1031 627 1118 vulg.
659 1032 762 1099 habet
793 1030 893 1110 ἔχειν,
926 1032 1063 1097 Brunok
1089 1031 1163 1096 iure
1187 1030 1343 1097 restituit

217 1171 313 1252 ἔχων,
337 1173 410 1238 ibid
432 1175 496 1240 805
520 1172 602 1240 libri
624 1169 739 1254 θεωρῶν
762 1197 822 1262 pro
846 1171 984 1254 θεωρεῖν,
1008 1173 1096 1263 quod
1120 1178 1213 1240 recte
1236 1173 1342 1240 conie-

216 1317 264 1383 cit
286 1316 459 1401 Hartung.

258 1458 375 1524 Etiam
409 1458 556 1525 conferri
588 1463 701 1546 potest
737 1458 838 1526 huius
872 1458 1037 1525 dramatis
1081 1481 1129 1525 νε.
1168 1459 1249 1541 360,
1283 1457 1343 1523 ubi

212 1601 332 1671 videas
363 1601 614 1668 adnotationem
643 1622 759 1666 meam.
793 1601 855 1666 His
887 1600 969 1667 locis
1000 1601 1148 1680 fortasse
1169 1599 1342 1666 addendus

215 1746 269 1810 est
292 1744 330 1810 Ο.
354 1744 396 1810 R.
423 1767 472 1812 vs
497 1743 583 1810 227:

258 1885 304 1950 κεῖ
338 1885 395 1964 μὲν
429 1885 593 1966 Φοβεῖτιιι,
624 1883 807 1963 τσύτίκλιρμ’
838 1882 990 1960 ὑσεξελὼν
1020 1884 1111 1957 ωὐτὸς
1137 1880 1212 1947 aa&
1238 1883 1337 1948 ωὑτιιῖ·

214 2030 273 2096 ubi
295 2030 319 2096 J
321 2030 399 2114 ebb,
424 2029 518 2108 cuius
543 2029 794 2095 adnotationem
816 2027 923 2094 lector
946 2028 1079 2111 videat,
1104 2027 1208 2094 dedit:
1232 2023 1342 2101 ὑπεξε-

214 2176 310 2234 λεῖν
335 2168 346 2258 s
370 2171 486 2234 αὐτὸν
508 2168 583 2234 καθ’
608 2171 708 2235 αὑτοῦ.
732 2169 831 2236 Infin.
856 2167 1013 2245 ὑπεξελεῖν
1036 2169 1104 2235 iam
1127 2169 1341 2236 coniecerant

215 2314 319 2380 Halm
343 2318 379 2380 et
402 2314 565 2401 Blaydes.

259 2456 348 2524 Jebb
378 2455 509 2523 confert
537 2455 641 2522 Thuo.
673 2455 812 2522 IV—83
837 2460 873 2522 et
894 2455 1019 2522 Herod.
1043 2455 1196 2538 Vll-m
1222 2453 1341 2541 quibus

215 2600 302 2667 adde
325 2599 424 2687 Soph.
448 2599 491 2666 fr,
515 2600 581 2667 690
611 2593 798 2675 ὦγλῶσσιι,
833 2599 989 2676 σιρήσσισω
1011 2598 1060 2662 τὸν
1083 2596 1176 2661 τολὺν
1198 2595 1302 2677 χρόνον
1329 2595 1340 2684 f

217 2746 280 2815 τιῖς
310 2742 388 2817 δῆτσι
418 2743 523 2817 τλήσει
555 2743 677 2823 πρᾶγμ’
701 2739 858 2816 ὑπεξελεῖν
881 2739 968 2816 τόδες
991 2740 1098 2808 Plura
1121 2741 1161 2806 de
1184 2739 1246 2807 hoc
1269 2740 1340 2806 loco
1386 2791 1388 2796 -

215 2885 309 2952 infra
331 2885 450 2952 dicam.
476 2923 518 2932 -

258 3167 327 3234 Ad
362 3193 422 3236 ve.
460 3170 545 3235 140:

371 3307 451 3382 ὅστις
473 3309 533 3390 γὰρ
556 3304 589 3384 ἦν
612 3310 717 3374 ἐκεῖνον
741 3310 754 3373 ὂ
776 3308 908 3382 κτωνών,
932 3307 1012 3388 τάχ’
1038 3306 1075 3372 νῖν

369 3452 447 3531 κᾶμ’
472 3450 508 3516 ἂν
531 3450 653 3532 toruum
677 3450 757 3532 χειρὶ
792 3457 1007 3532 τιμωρεῖν
1042 3449 1138 3516 aaa.

259 3597 364 3662 Miror
395 3596 515 3662 Bruhn
543 3601 683 3678 τιμωρεῖν
706 3596 876 3684 explicare
898 3619 959 3684 per
987 3595 1212 3683 ,sohddigem
1236 3595 1341 3662 Ubles

213 3739 400 3826 zufiigen,”
432 3763 496 3827 quo
526 3762 626 3806 sensu
648 3738 710 3805 hoo
732 3741 873 3807 verbum
895 3761 1060 3826 nusquam
1081 3739 1228 3826 positum
1251 3738 1342 3805 inve-

212 3883 318 3949 nitur.
344 3881 435 3963 Quid
456 3885 571 3948 tamen
593 3881 806 3969 requiratur,
838 3881 961 3968 optime
989 3881 1179 3969 perspexit,
1204 3884 1342 3958 τιμωρεῖν

214 4029 328 4092 autem
352 4028 546 4113 corruptum
569 4046 642 4092 esse
663 4047 758 4090 nemo
781 4048 846 4090 non
868 4024 965 4092 videt
1003 4023 1031 4110 ¹)

257 4167 453 4250 Violenter,
487 4170 528 4233 ut
562 4166 663 4249 solet,
706 4165 745 4232 F.
782 4166 837 4234 W.
873 4165 1026 4232 Schmidt
1060 4165 1202 4231 coniecit
1236 4162 1341 4228 τότ’

213 4308 422 4390 ε’νωίρειν.
459 4309 593 4395 Bergk,
630 4311 792 4396 probante
828 4308 997 4391 Meklero,
1033 4311 1130 4374 acute
1168 4307 1341 4395 proposuit

256 4608 284 4688 ¹)
304 4613 466 4686 Longiorom
487 4613 520 4671 do
541 4614 669 4672 hocloco
689 4613 901 4687 disputationem
920 4613 982 4671 vido
1001 4612 1074 4687 apud
1096 4612 1226 4670 Wunder.
