3466 5536
944 833 988 898 26

401 1027 584 1108 σφάλματα
632 1027 806 1106 μηνύουσιν,
842 1025 886 1091 ὅτι
921 1027 934 1090 ὁ
970 1025 1128 1100 Mecium
1163 1025 1254 1102 κῶδνξ
1287 1025 1463 1103 καταγεταν
1498 1028 1532 1090 ἐκ

401 1168 609 1251 χειρογράφων
632 1168 812 1252 κεφαλαίων
832 1167 1038 1250 μραμμοὶτων.
1062 1170 1105 1236 In
1129 1169 1246 1236 eadem
1268 1169 1387 1236 fabula
1400 1168 1461 1255 (va.
1476 1170 1530 1253 68)

399 1314 545 1381 absurde
568 1313 697 1400 legitur
722 1311 758 1378 ’έν
782 1314 835 1386 ἐν,
858 1337 919 1402 pro
944 1337 1009 1402 quo
1032 1313 1183 1402 reposuit
1205 1314 1335 1380 Person
1359 1309 1465 1376 ἕθεν.

444 1456 541 1540 Quod
583 1456 627 1524 ad
670 1456 835 1544 Oedipum
876 1459 1006 1544 Regem
1043 1456 1184 1536 attinet,
1221 1456 1257 1521 in
1291 1481 1340 1524 vs.
1380 1457 1466 1523 1437
1508 1479 1530 1524 a

401 1599 571 1688 plerisque
602 1599 729 1666 iniuria
752 1599 866 1666 editur
888 1597 960 1664 dara
985 1605 995 1686 ρ
1020 1596 1134 1674 θνητῶν
1164 1601 1374 1680 Φανοῦμαν
1405 1599 1530 1676 μηδενὸς

401 1741 595 1827 προσήγορος,
629 1741 688 1808 ubi
721 1741 838 1830 procul
872 1741 971 1808 dubio
1003 1765 1077 1809 cum
1100 1741 1292 1827 Meinekec,
1317 1741 1410 1809 cuius
1435 1765 1529 1828 egre·

401 1885 493 1971 giam
524 1885 751 1952 coniecturam
782 1887 984 1980 receperunt
1005 1884 1127 1952 Nauck
1151 1887 1187 1952 et
1210 1907 1277 1954 van
1300 1885 1526 1966 Herwerdcn‚

400 2027 581 2114 legendum
600 2031 654 2094 est
676 2025 839 2106 θανοῦμαι.
865 2027 1125 2094 confunduntur
1142 2036 1169 2091 Θ
1188 2028 1334 2115 (saepius
1353 2028 1415 2095 hoc
1434 2028 1528 2095 modo

403 2169 584 2257 scriptum:
603 2169 655 2256 e)
680 2172 715 2236 et
738 2179 773 2244 Φ,
796 2170 865 2239 vid.
889 2170 1113 2238 Herwerdeni
1133 2170 1177 2237 ad
1195 2170 1284 2237 hunc
1302 2171 1411 2238 locum
1429 2170 1529 2238 adnc·

401 2311 574 2380 tationem.
605 2311 786 2400 Exempla,
821 2311 869 2378 ibi
904 2311 1028 2395 allata,
1053 2311 1207 2400 pluribus
1230 2311 1349 2398 augeri
1371 2313 1527 2398 possunt:

403 2456 441 2523 0.
466 2455 508 2522 R.
533 2456 599 2522 840
621 2480 653 2523 v.
677 2478 704 2522 c.
729 2455 897 2541 (Π)ΑΘΟΣ
919 2457 1066 2521 fortasse
1089 2459 1207 2522 natum
1231 2458 1344 2521 estex
1364 2453 1529 2539 (Σ)ΑΦΟΣ

402 2598 546 2685 (σαφῶς),
582 2601 622 2665 ut
645 2597 789 2666 coniecit
811 2597 977 2664 Meineke.
1001 2597 1161 2664 Notanda
1184 2599 1299 2664 tamen
1322 2601 1417 2680 sunt,
1443 2617 1529 2684 quae

401 2742 506 2808 habet
540 2742 564 2810 J
566 2742 646 2808 ebb:
696 2741 773 2825 „the
819 2740 1011 2829 conjecture
1053 2737 1128 2817 ἄγος
1170 2741 1214 2823 (ν.
1249 2739 1460 2807 Herwerdeu
1494 2741 1529 2804 et

403 2883 566 2962 Schmidt)
597 2884 625 2950 is
658 2883 817 2972 specious.
848 2883 920 2951 But
942 2879 1045 2955 aanor
1066 2883 1219 2951 showsa
1249 2883 1334 2949 finer
1358 2880 1475 2966 touch;
1499 2881 1529 2947 it

402 3026 431 3092 is
465 3026 525 3092 the
560 3025 765 3114 euphemism
796 3026 833 3092 of
854 3048 875 3092 a
898 3025 1079 3113 shrinking
1101 3025 1194 3093 mind
1219 3025 1300 3108 (like
1324 3024 1383 3092 the
1405 3024 1528 3112 phrase

403 3168 435 3242 ἤν
469 3191 500 3232 τν
536 3165 630 3234 ratde
668 3169 722 3236 for
757 3167 893 3256 θανο)”;
933 3169 1049 3259 itaque
1087 3169 1232 3256 vulgata
1270 3167 1349 3236 fort.
1388 3167 1530 3235 retineri

403 3315 525 3398 potest.

447 3454 530 3521 Ant.
562 3456 628 3522 600
658 3455 756 3522 Kock
787 3460 823 3522 et
848 3455 926 3538 alii,
951 3455 1062 3522 neseio
1086 3478 1129 3521 an
1153 3458 1262 3538 recte,
1286 3456 1531 3541 proposuerunt

404 3594 570 3682 ἔναμμα
598 3620 659 3684 pro
690 3595 772 3678 φαος
799 3596 838 3681 1),
873 3597 997 3664 Aesch.
1033 3596 1147 3685 Suppl.
1183 3599 1247 3664 336
1281 3620 1342 3685 pro
1365 3596 1473 3678 φίλους
1497 3622 1530 3664 ν.

402 3740 613 3808 Herwerden
635 3740 845 3807 commendat
868 3737 1001 3804 θέαονσΙ
1037 3740 1164 3807 Eodem
1194 3739 1288 3807 modo
1313 3741 1350 3806 Ο.
1375 3741 1417 3807 R.
1445 3740 1531 3806 1320

402 3884 454 3948 καὶ
488 3882 601 3962 θαῦμα
633 3886 665 3962 μ’
689 3884 771 3948 οὐδὲν
801 3884 830 3947 ἕν
861 3883 994 3948 τοσοῖσδε
1024 3885 1162 3960 πήμασιν
1187 3881 1198 3972 s
1223 3884 1323 3947 dicari
1347 3908 1384 3947 σε
1405 3879 1529 3948 πενθεῖν

402 4027 455 4092 καὶ
487 4028 587 4091 irrasi
606 4031 746 4108 φορεῖν
764 4025 848 4090 κακοὶ
868 4027 1068 4095 vocabulum
1093 4023 1206 4110 dccciv,
1231 4027 1321 4116 quod
1344 4050 1404 4115 pro
1429 4029 1529 4106 Φορεῖν

403 4170 577 4259 proposuit
605 4170 742 4253 Nauck,
774 4169 828 4237 eui
856 4169 1089 4236 assentiuntur
1111 4169 1310 4236 Hcimsceth
1334 4173 1423 4236 etv.
1446 4168 1533 4234 Her·
1593 4268 1596 4274 Ι

403 4316 556 4398 werden,
577 4315 721 4402 primum
734 4313 769 4379 in
782 4317 883 4394 φροεῑν
894 4317 1089 4400 corruptum
1103 4313 1254 4396 videtur,
1268 4310 1389 4378 deinde
1401 4309 1531 4378 litteris

390 4635 393 4640 ·
446 4609 474 4691 ¹)
494 4612 562 4671 Vide
581 4615 674 4672 tamen
695 4629 721 4670 v.
742 4611 908 4670 Hcrwerden
928 4611 1060 4670 Muemcs,
1081 4609 1117 4667 N.
1140 4611 1167 4668 S.
1190 4609 1274 4670 XVII
1295 4626 1342 4686 pg.
1364 4608 1435 4668 263.
