3490 5540
783 840 847 906 123

248 1055 368 1120 parum
408 1037 504 1117 uoto,
543 1035 631 1122 qnod
664 1035 863 1102 inscribitur
902 1035 1122 1118 „Cothurnus
1157 1035 1378 1123 Sophoclcus,

251 1175 388 1263 scripsit
409 1175 577 1244 Albertus
599 1177 777 1243 Lindner''
803 1179 822 1262 ξ
846 1179 899 1243 8ὄ.

293 1317 345 1385 De
380 1321 568 1406 temporum
591 1320 748 1405 enallage
771 1320 880 1386 lector
903 1320 1079 1408 inspiciat,
1104 1344 1191 1410 quae
1215 1320 1379 1387 adnotavi

249 1458 294 1524 ad
327 1483 376 1526 vs.
399 1460 476 1525 438.
511 1460 601 1526 Huic
634 1461 858 1548 disputationi
889 1461 991 1549 plura
1021 1462 1101 1528 addi
1131 1469 1288 1550 possunt,
1322 1462 1382 1529 sed

250 1602 419 1689 exempla,
455 1624 542 1690 qnae
576 1604 745 1688 congessi,
781 1604 953 1671 sufficiunt
986 1604 1030 1671 ad
1065 1604 1381 1687 demonstrandum,

249 1746 336 1833 quod
366 1744 598 1814 demonstrare
628 1746 735 1814 volui:
772 1749 909 1815 verba
940 1747 1008 1811 aa)
1042 1748 1193 1824 σ’ὁμοῦ,
1228 1771 1305 1836 per
1337 1770 1381 1814 se

251 1892 474 1979 spectata,
506 1890 616 1956 omni
651 1912 806 1958 carere
841 1892 1105 1980 suspicione.

293 2033 370 2099 Non
391 2034 501 2120 magis
525 2032 608 2098 mihi
630 2032 761 2122 placet,
782 2034 870 2122 quod
889 2057 1010 2121 parum
1029 2034 1254 2122 probabiliter
1273 2033 1380 2100 conie-

250 2175 297 2241 cit
320 2174 365 2242 hl.
391 2175 558 2243 Schmidt:

448 2316 483 2380 τὸ
505 2316 645 2397 μὲνγὰρ
668 2317 749 2394 ὑμῶν
771 2317 814 2390 εἰς
837 2315 876 2381 ἕν’
900 2316 1028 2398 ἔρχεται
1052 2316 1157 2394 μόνον,

450 2459 509 2536 ἐγὼ
532 2459 696 2535 rumora
717 2459 770 2523 καὶ
791 2458 879 2524 πόλιν
900 2459 953 2523 καὶ
975 2460 1010 2523 σὲ
1033 2459 1145 2532 στένω,

251 2610 303 2685 et,
338 2602 427 2690 quod
459 2602 604 2668 mutatio
637 2602 810 2690 proposita
838 2602 972 2687 longios
1003 2624 1024 2668 a
1050 2606 1152 2668 textu
1173 2601 1320 2683 recedit,
1345 2603 1382 2667 et

252 2746 339 2832 qnod
361 2745 491 2812 retinet
513 2743 568 2812 vir
592 2745 678 2811 doct.
704 2749 895 2833 suspectum
918 2746 1006 2811 illud
1029 2743 1080 2808 ἕν’.

294 2888 482 2954 Praeterea
504 2924 549 2934 -
571 2887 659 2975 quod
682 2878 739 2955 vel
761 2888 1002 2974 gravissimum
1023 2892 1076 2955 est
1087 2891 1326 2974 argumentum
1338 2926 1379 2934 --

180 3103 187 3109 ‚
251 3029 310 3106 ἐγώ
333 3028 492 3096 rescribit
515 3029 668 3096 Schmidt
690 3053 751 3118 pro
773 3029 1000 3118 pulcherrimo
1021 3031 1039 3103 ἧ
1057 3029 1146 3105 δ’ἕμὴ
1166 3029 1272 3108 ψυχή,
1293 3028 1382 3117 quod

251 3174 394 3239 colorem
421 3172 586 3260 imprimis
616 3171 721 3238 habet
752 3172 989 3260 Sophocleum,
1022 3175 1062 3238 ut
1095 3175 1189 3238 recte
1218 3171 1287 3237 iam
1310 3170 1381 3236 ani-

251 3315 438 3383 madvertit
460 3339 493 3382 v.
516 3313 728 3382 Herwerden
751 3315 789 3381 0.
814 3314 856 3381 R.
879 3337 935 3402 pg.
959 3315 1012 3381 86.
1038 3314 1089 3380 cf.
1112 3317 1251 3402 praeter
1272 3314 1380 3396 locos,

251 3457 300 3524 ibi
329 3457 504 3540 laudatos,
536 3457 625 3523 rho.
657 3433 723 3523 '714
748 3452 783 3542 (a
806 3457 908 3534 osus
932 3455 1037 3536 ψυχά,
1060 3457 1075 3540 l
1098 3452 1129 3520 a
1151 3457 1229 3540 aa,
1256 3455 1379 3522 orato.

253 3602 356 3683 1260,
379 3599 436 3666 Αἰ.
462 3600 543 3684 154,
568 3601 606 3666 Ο.
631 3600 668 3666 Ο.
690 3601 768 3667 498.
793 3600 850 3667 Sic
872 3623 973 3688 saepe
996 3600 1103 3677 τούμὸν
1126 3603 1216 3676 odax
1234 3599 1379 3686 legimus

251 3766 312 3831 pro
333 3742 423 3809 nudo
445 3743 657 3830 pronomine,
682 3765 710 3810 e.
733 3766 767 3830 g.
791 3742 829 3809 Ο.
852 3744 895 3810 R.
920 3744 1002 3826 643,
1028 3743 1066 3810 Ο.
1090 3742 1127 3809 C.
1152 3744 1217 3809 355
1241 3739 1276 3824 (a
1298 3740 1380 3805 τοῦδ’

252 3882 390 3965 ἐχρήσθη
422 3880 588 3970 σώματος),
622 3884 704 3950 Eur.
739 3883 815 3951 Alc.
840 3885 922 3951 636:
947 3886 1048 3973 plura
1070 3887 1214 3973 praebet
1237 3910 1270 3953 v.
1293 3883 1380 3951 Her-

252 4028 389 4095 werden
431 4028 476 4094 ad
518 4028 556 4094 Ο.
590 4028 633 4093 R.
676 4029 752 4094 643.
787 4027 914 4094 Eodem
946 4028 1043 4094 modo
1076 4028 1203 4114 tragici
1236 4030 1382 4093 utuntur

254 4169 399 4249 πλευραί,
422 4169 520 4250 καιροὶ,
544 4169 662 4246 itast,
686 4169 774 4250 χείρ,
796 4169 886 4247 γόνυ,
908 4171 981 4238 loco
1003 4170 1218 4258 pronominis.

298 4312 440 4402 Siquid
462 4312 661 4379 mutandum
682 4313 796 4400 potius
818 4313 1065 4401 proposuerim:

453 4455 487 4518 τὸ
510 4455 567 4533 μὲν
589 4454 651 4534 γὰρ
673 4455 755 4531 ὑμῶν
777 4453 874 4532 ἄλγος
897 4455 939 4526 εἷς
963 4452 993 4519 ἓν
1017 4454 1162 4535 ἔρχεται,

453 4598 542 4681 ψυχὴ
566 4597 655 4675 δ’ἐμὴ
679 4596 768 4663 πόλιν
789 4621 824 4662 τε
847 4599 925 4677 κᾶμ’
948 4597 1020 4674 ὁμοῦ
1044 4597 1151 4664 στένει.
