3466 5536
924 776 969 841 46

430 971 539 1053 Quam
573 969 674 1038 facile
710 992 758 1038 vs.
783 970 883 1036 227a
906 969 1060 1036 excidere
1080 968 1247 1058 potuerit,
1271 968 1395 1056 optime
1417 992 1509 1057 pers·

277 1177 282 1183 ,
383 1113 541 1202 picimuS‚
577 1111 607 1178 si
640 1111 856 1178 recordamur
891 1113 1076 1179 sexcenties
1111 1111 1270 1179 confundi
1303 1111 1439 1184 άσοός
1473 1116 1509 1179 ct

384 1253 519 1327 οιύτόο
554 1255 607 1337 (of.
644 1277 672 1322 e.
696 1276 729 1339 g.
765 1253 886 1320 Nauck
919 1253 998 1320 Mel.
1035 1253 1182 1320 (sn-R.
1218 1253 1277 1318 ΠΙ
1308 1254 1507 1338 309-314),

384 1399 500 1487 itaque
530 1395 747 1463 librariorum
779 1395 889 1462 oculos
920 1396 1065 1464 fortasse
1090 1396 1132 1462 ab
1156 1396 1274 1460 άοτοῑοι
1297 1398 1508 1466 aberravisse

384 1540 428 1608 ad
454 1535 555 1610 οιύτάς.
1009 1499 1010 1504 i

428 1683 534 1748 Docte
558 1679 600 1745 de
622 1682 697 1746 tota
719 1677 783 1745 hac
807 1700 907 1745 scena
929 1677 1121 1767 disputavit
1143 1677 1268 1746 Sohiitz
1292 1679 1391 1768 Soph.
1413 1680 1507 1748 Stud.

383 1849 439 1914 rs·
463 1826 507 1891 78
530 1847 599 1912 sss·
696 1849 699 1858 ·

428 2111 494 2178 Ad
515 2135 572 2180 vs.
597 2111 692 2176 232:

518 2253 618 2336 κέρδος
641 2256 720 2317 τελῶ
743 2252 802 2329 ἐγὼ
825 2253 876 2332 χὴ
901 2249 1023 2333 χάρις
1046 2249 1346 2332 προοιιείοετοοι.

429 2396 469 2464 L.
500 2418 603 2484 supra
624 2395 733 2476 litto
756 2394 911 2463 vocabuli
933 2390 1027 2475 χάρις
1051 2394 1188 2462 exhibet
1209 2396 1364 2462 litteram
1386 2420 1401 2459 ν
1425 2419 1445 2463 a
1467 2421 1507 2462 m.
1582 2431 1585 2440 =

383 2562 445 2628 pr.,
469 2537 558 2604 unde
583 2535 748 2625 suspicari
769 2539 882 2624 potest
905 2493 1110 2624 Sophoclem·
1124 2536 1255 2604 dedisse
1280 2535 1382 2618 χάριν.
1414 2539 1510 2606 Hanc

385 2682 424 2747 ob
461 2701 597 2746 oausam
630 2677 751 2745 Nauck
784 2678 925 2744 coniecit
958 2677 1010 2743 κοά
1043 2677 1135 2759 χάριν
1165 2679 1379 2759 προσείσομοις
1402 2681 1509 2768 magis

371 2827 501 2896 ,tamen
523 2821 607 2887 mihi
631 2821 778 2905 arridet,
803 2820 891 2909 quod
911 2821 1087 2909 proposuit
1108 2821 1328 2889 Halbertsma
1354 2821 1507 2908 (Advers.

385 2966 471 3033 Crit,
507 2965 559 3032 ed.
593 2988 626 3032 v.
660 2963 872 3031 Herwerden
906 2962 1034 3030 Leidac
1070 2985 1121 3052 ap.
1145 2963 1253 3048 Brill,
1277 2987 1332 3051 pg.
1358 2965 1412 3048 24)
1436 2963 1510 3028 rai

386 3105 507 3189 χάριν
537 3105 854 3187 ιιροοκτήοεοοιι,
886 3127 972 3193 quae
996 3105 1190 3172 coniectura
1212 3129 1286 3172 cum
1310 3107 1418 3173 lenior
1442 3110 1509 3190 est,

385 3258 458 3317 tum
481 3249 698 3316 confirmatur
722 3247 844 3314 Traoh.
867 3271 916 3315 vs.
942 3248 1023 3315 191:

497 3387 575 3465 ὅπως
597 3414 642 3455 τοι
666 3393 780 3472 πρῶτος
803 3387 958 3468 άχχείλοις
981 3387 1058 3454 τάδε

498 3536 569 3617 πρὸς
594 3538 643 3599 σοῖν
667 3557 697 3599 τι
719 3532 963 3614 κερδάνοιιμι
985 3531 1052 3596 κο)
1073 3529 1229 3612 κτῴρονν
1252 3529 1390 3613 χάριν,

387 3683 422 3747 et
458 3678 605 3746 eiusdem
640 3677 778 3744 fabulae
812 3701 861 3745 ve.
896 3677 961 3742 471
996 3677 1073 3740 κάιι’
1109 3676 1181 3753 ἐμοῦ
1222 3678 1345 3757 urtica
1381 3673 1511 3756 χάριν.

386 3822 436 3888 De
461 3820 633 3888 sententia
655 3819 697 3886 cf.
723 3819 761 3885 Ο.
784 3820 826 3885 R.
852 3819 948 3884 1006.

429 4107 496 4174 Ad
518 4131 575 4176 ve.
600 4107 690 4173 240.

542 4249 614 4326 μήτ’
641 4249 670 4311 ἐν
692 4245 770 4312 θεῶν
794 4247 919 4327 εὐχαῖσι
942 4247 1021 4325 μήτε
1044 4244 1181 4325 &ribam

542 4392 633 4457 κοινὸν
656 4388 823 4465 ποιεῖσθαι,
847 4391 926 4469 μήτε
961 4414 988 4471 χ
1000 4389 1013 4455 ε’
1027 4416 1040 4472 ρ
1054 4415 1067 4454 ν
1080 4414 1089 4454 ι
1101 4389 1150 4469 βο
1163 4415 1178 4462 ς
1212 4389 1321 4468 νέμειν.

430 4537 552 4603 Munus
585 4534 696 4623 primu
726 4535 763 4600 in
797 4535 900 4601 Laur.
932 4533 1037 4601 habet
1065 4533 1222 4615 χέρνιβος,
1255 4534 1296 4600 ab
1321 4532 1391 4599 alia
1412 4554 1514 4599 manu
