3490 5540
769 802 833 868 115

477 1000 491 1063 o‘
517 1001 595 1064 uuirt
617 1000 731 1072 κλεινὸς
753 998 895 1072 Οἰδίπους
917 998 1111 1076 καλούμενος.

277 1141 377 1208 Hunc
407 1165 543 1209 versum
573 1143 738 1231 expungit
767 1141 938 1210 Wunder:
970 1142 1113 1225 iniuria,
1146 1165 1254 1231 neque
1278 1143 1362 1210 satis

232 1282 317 1349 mihi
338 1285 452 1372 placet
474 1285 648 1352 adnotatio
670 1284 818 1352 Nauckii
845 1285 945 1371 „Oid
972 1285 1102 1374 spricht
1126 1286 1218 1353 diese
1240 1286 1362 1353 Wortc

232 1426 329 1492 nicht
357 1427 404 1492 im
435 1428 565 1495 stolzen
595 1428 845 1515 Sclbstgefiihl‚
870 1429 1015 1496 sondern
1037 1429 1073 1494 in
1096 1429 1282 1515 llitgcfrihl
1304 1431 1362 1496 fiir

232 1569 288 1636 die
316 1570 447 1637 Leiden
477 1572 632 1638 Thebcns
662 1573 732 1639 und
762 1573 809 1639 im
831 1573 1062 1640 Bewusstsoin
1084 1573 1144 1640 des
1167 1573 1362 1641 Abstandes

232 1715 402 1782 zwischen
431 1717 543 1783 seiner
572 1717 795 1805 gepriescnen
825 1716 1062 1784 Herrlichkeit
1082 1717 1153 1782 und
1175 1717 1267 1800 dem,
1291 1739 1362 1786 was

233 1880 272 1923 er
302 1858 338 1924 in
368 1858 429 1925 der
461 1859 553 1926 Noth
583 1884 625 1925 zu
656 1860 743 1926 thun
765 1860 956 1947 vermiige.''
980 1861 1022 1926 In
1044 1827 1111 1927 fine
1135 1861 1362 1928 adnotationis

232 2000 308 2066 iure
332 2001 430 2068 addit
455 2002 538 2086 „die
561 2003 732 2089 Nennnng
756 2002 814 2070 des
833 2003 982 2070 Namens
1002 2003 1145 2076 Οἰδίπους
1162 2004 1210 2070 ist
1220 2004 1363 2090 bedingt

233 2142 340 2210 durch
363 2144 533 2211 scenische
557 2145 715 2228 Zweoke,
738 2169 781 2212 zu
803 2146 842 2212 O.
866 2145 903 2212 0.
928 2145 982 2211 33²

276 2286 622 2354 Wolff-Bellerman
667 2288 841 2354 contendit
886 2288 1037 2354 consulto
1077 2288 1242 2356 voeabula
1284 2291 1361 2353 πᾶσι

231 2427 345 2500 κλεινός
381 2428 574 2496 adhibuisse
609 2429 788 2518 Oedipum,
823 2432 864 2495 ut
899 2430 1161 2517 supplicantium
1189 2430 1362 2497 relevaret

232 2571 374 2656 animos;
398 2571 473 2659 quis
493 2572 581 2638 enim
600 2572 720 2639 melius
740 2572 860 2640 iuvare
878 2576 1008 2660 posset,
1021 2596 1120 2661 quam
1133 2573 1147 2636 ὃ
1159 2574 1237 2636 πᾶσι
1249 2572 1362 2645 κλεινὸς

232 2712 400 2786 Οἰδίπουςῗ

277 2857 388 2924 Addit
432 2857 622 2925 vanitatem
664 2857 786 2945 Oedipi
821 2857 928 2922 minui
961 2857 1122 2924 vocabulo
1156 2855 1360 2933 καλούμενος,

232 3001 320 3088 quod
349 3004 466 3066 tamen
496 3000 586 3089 apud
616 3000 765 3086 tragicos
794 3000 884 3067 idem
915 3004 969 3067 est
992 3004 1094 3089 atque
1117 2999 1163 3064 ὤν.
1187 3001 1361 3068 Postremo

232 3147 405 3230 comparat
436 3143 581 3231 superba
611 3142 723 3209 Ulixis
751 3143 858 3209 verba
889 3142 965 3228 (Od.
1001 3141 1056 3207 IX
1079 3181 1121 3190 —
1145 3141 1201 3227 20)
1225 3140 1281 3205 καί
1301 3166 1361 3220 μευ

231 3285 320 3358 κλέος
343 3286 459 3368 οὐρανὸν
483 3284 548 3350 ἵκει.

277 3454 309 3497 v.
332 3429 555 3513 Herwerdcn‚
586 3429 644 3518 qui
675 3432 754 3517 apte
777 3430 936 3496 observat
958 3427 1218 3495 concinnitatem
1241 3427 1362 3514 Oedipi

233 3574 394 3640 orationis
420 3573 556 3660 augeri,
581 3573 610 3639 si
628 3572 683 3639 hic
702 3596 821 3640 versus
831 3572 1003 3639 retinetur
1014 3574 1100 3656 (tum
1112 3571 1201 3637 enim
1211 3570 1362 3660 loquitur

234 3715 382 3802 Oedipus
406 3716 426 3781 3
450 3716 491 3798 -Ι-
515 3716 536 3781 2
557 3716 598 3798 -1-
619 3715 639 3782 3
660 3715 701 3798 -l-
723 3716 743 3779 2
765 3714 806 3798 -1-
828 3715 847 3780 3
867 3715 973 3780 :13
996 3713 1078 3796 vss.)
1099 3713 1248 3779 Nauckii
1269 3712 1361 3778 refu-

232 3861 288 3924 tat
318 3857 590 3946 explicationem,
611 3858 815 3924 oontendens
834 3856 1073 3943 gravissimum
1097 3855 1219 3943 Oedipi
1240 3853 1363 3922 vitium

234 4023 307 4067 esse
330 4001 364 4064 τὸ
387 3997 492 4078 μεῖζον
515 3999 531 4074 ἢ
554 4002 625 4063 κατ’
649 3998 805 4081 ἄνθρωπον
827 4004 953 4082 φρονεῖν.
1034 3992 1038 3996 ’

279 4141 370 4224 Quid
404 4142 459 4208 hio
494 4165 613 4211 versus
649 4143 715 4209 sibi
749 4143 852 4226 velit,
887 4144 1094 4231 interpretes
1128 4141 1255 4226 fugisse
1278 4139 1362 4205 mihi

233 4285 381 4352 videtur.
406 4284 554 4373 Oedipus
577 4309 686 4374 neque
706 4307 831 4368 vanus,
850 4307 958 4374 neque
979 4284 1141 4371 superbus
1154 4286 1223 4366 est,
1235 4305 1361 4371 neque,

233 4432 273 4495 ut
317 4428 419 4494 multi
458 4431 583 4516 putant
625 4428 763 4495 deorum
805 4432 1031 4516 contemptor3
1066 4426 1176 4493 fusius
1211 4425 1253 4492 dc
1289 4424 1361 4492 eins

233 4570 368 4659 ingenio
391 4570 448 4657 egi
470 4571 506 4637 in
528 4571 755 4659 praefatione:
779 4571 905 4639 fidncia
925 4571 1001 4657 regi
1013 4569 1110 4637 deest
1120 4568 1361 4658 potentissimo,
