3466 5536
647 1661 844 1727 CAPUT
879 1661 908 1726 Ι.

597 1931 649 1994 Dn
683 1929 791 1995 Onnnn
824 1951 958 1995 insumo.

481 2175 554 2237 ἀλλ’
578 2173 600 2236 oi
622 2173 756 2255 usspillo
777 2199 826 2247 τις
849 2174 969 2246 δύνασις
992 2174 1085 2238 δεινοὶ·

481 2315 544 2379 οὔτ’
568 2315 604 2380 ἄν
626 2340 668 2380 νιν
689 2316 779 2394 ὄλβος
802 2317 862 2380 οὔτ’
886 2318 1001 2397 Ἄρης,

480 2459 511 2522 οὐ
534 2458 648 2539 πύργος
670 2461 729 2539 ιῦχ
751 2459 913 2524 ἁλίκτυποι

482 2601 619 2665 κελαιναὶ
642 2605 712 2675 viss
734 2602 903 2683 ἐκφύγοιεν.

802 2763 886 2829 Ant.
911 2764 1097 2829 951-954.

261 3009 329 3091 Qui
351 3010 550 3096 diligentius
571 3012 722 3079 exsecuti
741 3017 821 3079 sunt
839 3012 1012 3097 ingenium
1029 3035 1202 3100 moresque
1223 3010 1344 3098 Oedipi

216 3152 407 3239 Sophoclei,
440 3155 546 3220 exiis
569 3155 669 3220 multi
693 3159 789 3237 sunt,
813 3155 872 3243 qui
894 3154 948 3218 illi
971 3154 1120 3220 obiciant
1142 3153 1176 3216 τὸ
1199 3152 1341 3232 μεῖζιιιῖ

216 3297 286 3357 κατ’
318 3293 473 3375 ἄνθρωποι
503 3301 619 3378 φριιεῑι
646 3297 694 3383 ¹):
726 3297 862 3363 iniuria.
892 3296 981 3362 Nam
1009 3296 1129 3361 horum
1151 3295 1342 3362 sententiae

215 3459 291 3502 cum
323 3441 399 3503 tota
430 3438 549 3504 fabula
577 3439 615 3504 in
641 3439 838 3506 universum
869 3441 1054 3525 repugnat,
1083 3440 1157 3502 tum
1179 3436 1236 3503 vel
1258 3459 1345 3502 unus

216 3578 315 3645 huius
346 3580 510 3651 dramatis
534 3582 627 3647 locus
650 3581 842 3647 luculenter
864 3584 1012 3646 mentem
1034 3579 1184 3646 ostendit
1205 3582 1343 3667 poetae,

216 3721 276 3808 qui
317 3745 433 3808 regem
473 3724 700 3790 miserrimum
733 3723 871 3789 deorum
904 3722 1215 3790 reverentissimum
1248 3721 1344 3787 facit.

216 3862 438 3951 Inspiciamus
480 3889 546 3933 uss,
591 3868 656 3932 969
688 3890 758 3954 sqq.
791 3865 975 3953 Postquam
1004 3865 1143 3930 nuntius
1177 3865 1345 3929 Iocastam

218 4006 260 4072 de
301 4007 429 4093 Polybi
468 4012 576 4074 morte
611 4009 790 4075 certiorem
823 4007 922 4089 fecit,
957 4007 1021 4072 illa
1053 4007 1221 4088 exsultat,
1257 4005 1345 4071 omni

216 4148 337 4215 timore
361 4150 514 4238 omnique
538 4173 620 4216 cura
640 4151 824 4217 liberatam
847 4173 882 4216 se
906 4173 978 4216 esse
1001 4153 1090 4215 rata.

262 4290 411 4378 Oedipus
451 4315 549 4374 vero,
591 4315 793 4379 quamquam
832 4296 994 4379 punctum
1026 4289 1188 4377 temporis
1221 4288 1345 4374 gaudio

260 4557 288 4636 ¹)
308 4576 332 4616 c.
353 4577 381 4631 g.
402 4559 436 4616 B.
457 4559 494 4616 H.
515 4559 648 4632 Konnedy
667 4559 784 4617 Journal
804 4558 835 4616 of
851 4559 996 4630 Philology
1019 4557 1094 4616 1872
1114 4574 1160 4630 pg.
1185 4556 1251 4614 188.

1259 4654 1277 4718 1
