3490 5540
891 777 955 844 126

354 975 443 1068 quod
474 974 654 1065 explicatio
685 979 738 1043 est
768 975 919 1064 corrupti
950 975 1105 1044 vocabuli
1136 974 1315 1056 περαιτέροις
1338 973 1414 1042 iure
1437 973 1486 1041 ibi

356 1119 394 1187 Ο.
419 1118 534 1187 Hense
557 1142 618 1208 pro
641 1117 806 1200 περαιτέρω
831 1117 974 1186 coniecit
995 1121 1095 1198 καιροῦ
1120 1118 1208 1202 πέρρο.

398 1261 601 1350 Saepissime
625 1265 739 1328 autem
761 1284 803 1329 ex
827 1260 1123 1349 explicationibus,
1147 1260 1192 1328 ad
1215 1283 1313 1328 sanos
1337 1259 1485 1348 adscrip-

356 1404 402 1472 tis
424 1426 561 1486 versus‚
586 1425 688 1471 novos
712 1403 796 1470 oriri
819 1427 937 1472 versus
961 1403 1073 1492 quivis
1096 1403 1201 1472 novit.

399 1546 455 1614 Sic
489 1545 635 1614 fortasse
670 1545 771 1613 huius
805 1545 971 1613 dramatis
1005 1570 1054 1615 vs.
1091 1547 1156 1613 800
1189 1545 1244 1611 καί
1278 1570 1339 1620 σοι,
1379 1544 1485 1623 γάιαι,

359 1687 497 1764 τάληθὲς
528 1685 627 1770 ἐξερῶ·
658 1697 786 1769 τριπλῆς
815 1693 917 1756 natus
941 1693 1059 1756 estex
1081 1712 1147 1755 uno
1171 1689 1334 1757 vocabulo
1356 1697 1486 1769 τριπλῆς

356 1830 526 1919 adscripto
550 1831 594 1897 ad
618 1853 753 1899 versum
778 1834 972 1920 sequentem
994 1827 1037 1895 ὄπ’
1062 1825 1242 1904 ἦκελεέθου
1265 1829 1351 1906 τῆσδ’
1371 1831 1487 1895 ὁδοιπο-

359 1977 411 2056 ρῶν
435 1972 536 2046 πέλας
559 1973 632 2046 ιιτέ,
656 1972 730 2040 coll.
754 1995 820 2040 vss.
845 1973 928 2056 716,
954 1975 1028 2040 730.

401 2117 452 2184 Of.
478 2117 560 2182 Eur.
584 2115 658 2203 Iph.
685 2115 721 2181 in
745 2115 784 2181 Τ.
810 2117 986 2182 719-720

513 2258 593 2339 άτάρ
616 2258 650 2322 τὸ
673 2261 725 2322 τοῦ
749 2255 821 2322 θεοῦ
845 2260 873 2321 σ’
897 2257 927 2322 οὐ
950 2255 1111 2340 διέφθορέν
1133 2257 1171 2336 γέ
1194 2283 1240 2324 ποι

513 2399 711 2488 [μάντευμα,
735 2399 832 2464 καίτοι
854 2401 886 2477 γ’
912 2398 1005 2478 ἐγγὺς
1028 2397 1158 2474 έστνρκας
1182 2399 1295 2488 Φάνου]

400 2543 503 2612 Alter
525 2531 644 2612 versus
667 2543 741 2610 iure
764 2543 909 2610 deletur.
941 2543 1157 2630 Magistellus
1182 2544 1226 2610 ad
1248 2545 1355 2612 verba
1377 2544 1410 2608 rt
1433 2548 1486 2608 τοῦ

359 2686 430 2752 θεοῦ
453 2686 672 2754 desiderabat
706 2686 971 2772 substantivum;
992 2709 1058 2752 non
1079 2685 1331 2754 dubitabundus
1352 2686 1486 2754 addidit

361 2829 543 2913 μάντευμα,
569 2853 610 2897 ex
632 2852 696 2917 quo
720 2833 812 2896 totus
835 2851 954 2898 versus
978 2831 1044 2896 720
1067 2829 1176 2897 fluxit.

400 2972 669 3040 Pulcherrimum
692 2971 879 3059 exemplum
898 2972 1042 3058 legimus
1063 2973 1145 3038 Eur.
1167 2973 1224 3039 Or.
1247 2972 1484 3040 1022—1024:

517 3116 548 3178 οὐ
573 3117 635 3191 σῖγ’
660 3115 779 3195 άΦεῖσα
802 3113 870 3187 τοὺς
892 3113 1076 3192 γυναικείους
1098 3113 1186 3193 νέους

516 3255 651 3338 στέρξεις
674 3256 716 3321 τά
738 3254 908 3338 κρανθέντ’,
933 3257 1033 3339 οἰκτρά
1057 3257 1114 3336 μέν
1137 3256 1218 3344 τάδ’,
1244 3259 1316 3323 άλλ’
1341 3255 1419 3335 άμοις

492 3493 495 3498 Ι
519 3398 634 3487 [Φέρειν
658 3398 777 3477 άνάγκιρ
798 3399 857 3472 τάς
881 3399 1079 3480 παρεστώσας
1102 3399 1227 3488 rixas}

401 3543 568 3610 Ultimum
602 3567 738 3612 versum
769 3545 844 3610 iure
868 3544 998 3613 delevit
1021 3544 1216 3630 Kirchh0ff;
1241 3549 1322 3612 uota
1345 3550 1398 3614 est
1419 3546 1487 3613 for-

363 3687 456 3754 mula
479 3688 552 3751 daa'
575 3683 665 3764 ὅμως,
688 3687 730 3754 cf.
750 3687 912 3756 festivum
935 3687 1022 3753 illud
1041 3687 1271 3773 fragmentum
1283 3688 1485 3756 Susariouis.

359 3827 468 3895 Schol.
504 3832 634 3912 autem,
670 3827 728 3917 qui
758 3828 847 3895 hunc
882 3851 1032 3909 versum,
1066 3832 1106 3895 ut
1135 3830 1294 3899 observat
1323 3830 1486 3915 Dindorf,

359 3993 425 4036 non
459 3969 584 4056 legisse
615 3969 762 4050 videtur,
795 3970 955 4038 adnotat:
993 3968 1082 4048 ὅμως·
1113 3970 1214 4036 λείπει
1244 3972 1277 4036 τέ
1306 3971 1356 4037 δεῖ
1375 3972 1487 4054 Φέρειν.

362 4112 441 4186 τινὲς
463 4110 632 4193 γράφουσιν
655 4113 757 4193 οἰκτρά
782 4113 855 4191 μέν,
880 4115 953 4177 άλλ’
976 4111 1055 4192 ὅμως
1078 4114 1164 4195 Φέρε.

404 4256 533 4324 Versus
569 4257 635 4322 724
667 4257 804 4323 fluxisse
838 4257 922 4322 mihi
955 4257 1064 4343 igitur
1094 4258 1231 4326 videtur
1262 4283 1304 4326 cx
1326 4261 1488 4329 vocabulo

362 4397 476 4481 Φέρε,
502 4397 737 4486 explicationis
760 4422 862 4466 causa
886 4399 1002 4466 addito
1027 4401 1070 4467 ad
1094 4401 1167 4464 άλλ’
1191 4397 1279 4478 ὅμως.

408 4541 517 4626 Quam
541 4563 641 4629 saepe
663 4542 850 4628 magistelli
868 4543 995 4610 talibus
1014 4543 1143 4632 putidis
1168 4545 1489 4634 „explicationibus”
