<?xml version="1.0" encoding="UTF-8"?>
<!DOCTYPE html PUBLIC "-//W3C//DTD XHTML 1.0 Transitional//EN"
    "http://www.w3.org/TR/xhtml1/DTD/xhtml1-transitional.dtd">
<html xmlns="http://www.w3.org/1999/xhtml" xml:lang="en" lang="en">
 <head>
  <title>
</title>
<meta http-equiv="Content-Type" content="text/html;charset=utf-8" />
  <meta name='ocr-system' content='tesseract 3.04.00' />
  <meta name='ocr-capabilities' content='ocr_page ocr_carea ocr_par ocr_line ocrx_word'/>
</head>
<body>
  <div class='ocr_page' id='page_1' title='image "./studiapraeserti00groegoog_0015.png"; bbox 0 0 3466 5536; ppageno 0'>
   <div class='ocr_carea' id='block_1_1' title="bbox 961 847 983 911">
    <p class='ocr_par' dir='ltr' id='par_1_1' title="bbox 961 847 983 911">
     <span class='ocr_line' id='line_1_1' title="bbox 961 847 983 911; baseline 0 0"><span class='ocrx_word' id='word_1_1' title='bbox 961 847 983 911; x_wconf 89' lang='grc'><strong>4</strong></span> 
     </span>
    </p>
   </div>
   <div class='ocr_carea' id='block_1_2' title="bbox 392 1039 1540 2126">
    <p class='ocr_par' dir='ltr' id='par_1_2' title="bbox 392 1039 1540 2126">
     <span class='ocr_line' id='line_1_2' title="bbox 408 1039 1539 1136; baseline -0.002 -29"><span class='ocrx_word' id='word_1_2' title='bbox 408 1042 543 1125; x_wconf 78' lang='grc' dir='ltr'><strong><em>τύροιοοοο</em></strong></span> <span class='ocrx_word' id='word_1_3' title='bbox 568 1042 725 1136; x_wconf 85' lang='lat' dir='ltr'>adnotat:</span> <span class='ocrx_word' id='word_1_4' title='bbox 754 1041 951 1126; x_wconf 86' lang='lat' dir='ltr'>„Versatur</span> <span class='ocrx_word' id='word_1_5' title='bbox 971 1043 1081 1108; x_wconf 89' lang='lat' dir='ltr'>totum</span> <span class='ocrx_word' id='word_1_6' title='bbox 1100 1040 1192 1107; x_wconf 90' lang='lat' dir='ltr'>chori</span> <span class='ocrx_word' id='word_1_7' title='bbox 1212 1063 1346 1108; x_wconf 89' lang='lat' dir='ltr'>carmen</span> <span class='ocrx_word' id='word_1_8' title='bbox 1365 1039 1401 1105; x_wconf 92' lang='lat' dir='ltr'>in</span> <span class='ocrx_word' id='word_1_9' title='bbox 1419 1040 1539 1128; x_wconf 90' lang='lat' dir='ltr'>impro-</span> 
     </span>
     <span class='ocr_line' id='line_1_3' title="bbox 406 1183 1540 1273; baseline -0.002 -20"><span class='ocrx_word' id='word_1_10' title='bbox 406 1187 519 1253; x_wconf 90' lang='lat' dir='ltr'>banda</span> <span class='ocrx_word' id='word_1_11' title='bbox 548 1184 744 1269; x_wconf 74' lang='lat' dir='ltr'><strong>insolentia,</strong></span> <span class='ocrx_word' id='word_1_12' title='bbox 776 1206 843 1273; x_wconf 92' lang='lat' dir='ltr'>qua</span> <span class='ocrx_word' id='word_1_13' title='bbox 866 1184 1014 1272; x_wconf 84' lang='lat' dir='ltr'>Oedipus</span> <span class='ocrx_word' id='word_1_14' title='bbox 1040 1184 1133 1252; x_wconf 91' lang='lat' dir='ltr'>etin</span> <span class='ocrx_word' id='word_1_15' title='bbox 1157 1183 1334 1252; x_wconf 83' lang='lat' dir='ltr'>Creontem</span> <span class='ocrx_word' id='word_1_16' title='bbox 1358 1183 1481 1252; x_wconf 77' lang='lat' dir='ltr'>saeviit</span> <span class='ocrx_word' id='word_1_17' title='bbox 1505 1187 1540 1251; x_wconf 87' lang='lat' dir='ltr'>et</span> 
     </span>
     <span class='ocr_line' id='line_1_4' title="bbox 408 1326 1540 1416; baseline -0.004 -20"><span class='ocrx_word' id='word_1_18' title='bbox 408 1328 536 1396; x_wconf 89' lang='lat' dir='ltr'>oraculi</span> <span class='ocrx_word' id='word_1_19' title='bbox 557 1327 688 1416; x_wconf 88' lang='lat' dir='ltr'>sprevit</span> <span class='ocrx_word' id='word_1_20' title='bbox 713 1328 940 1395; x_wconf 73' lang='lat' dir='ltr'>sanctitatem.</span> <span class='ocrx_word' id='word_1_21' title='bbox 970 1326 1000 1413; x_wconf 85' lang='grc'>1)</span> <span class='ocrx_word' id='word_1_22' title='bbox 1024 1327 1193 1416; x_wconf 87' lang='lat' dir='ltr'>Apertum</span> <span class='ocrx_word' id='word_1_23' title='bbox 1216 1327 1304 1395; x_wconf 89' lang='lat' dir='ltr'>enim</span> <span class='ocrx_word' id='word_1_24' title='bbox 1328 1331 1380 1394; x_wconf 92' lang='lat' dir='ltr'>est</span> <span class='ocrx_word' id='word_1_25' title='bbox 1404 1327 1540 1394; x_wconf 94' lang='lat' dir='ltr'>chorum</span> 
     </span>
     <span class='ocr_line' id='line_1_5' title="bbox 409 1470 1539 1560; baseline -0.002 -22"><span class='ocrx_word' id='word_1_26' title='bbox 409 1473 614 1538; x_wconf 88' lang='lat' dir='ltr'>Iocastae</span> <span class='ocrx_word' id='word_1_27' title='bbox 645 1471 834 1558; x_wconf 90' lang='lat' dir='ltr'>improbare</span> <span class='ocrx_word' id='word_1_28' title='bbox 865 1470 1044 1540; x_wconf 88' lang='lat' dir='ltr'>levitatem</span> <span class='ocrx_word' id='word_1_29' title='bbox 1076 1475 1111 1538; x_wconf 91' lang='lat' dir='ltr'>et</span> <span class='ocrx_word' id='word_1_30' title='bbox 1141 1471 1368 1560; x_wconf 83' lang='lat' dir='ltr'>impietatem,</span> <span class='ocrx_word' id='word_1_31' title='bbox 1393 1474 1432 1536; x_wconf 92' lang='lat' dir='ltr'>ut</span> <span class='ocrx_word' id='word_1_32' title='bbox 1454 1472 1539 1537; x_wconf 91' lang='lat' dir='ltr'>bene</span> 
     </span>
     <span class='ocr_line' id='line_1_6' title="bbox 409 1611 1538 1702; baseline -0.001 -21"><span class='ocrx_word' id='word_1_33' title='bbox 409 1616 634 1702; x_wconf 83' lang='lat' dir='ltr'>exposuerunt</span> <span class='ocrx_word' id='word_1_34' title='bbox 658 1611 849 1680; x_wconf 82' lang='lat' dir='ltr'>Schmelzer</span> <span class='ocrx_word' id='word_1_35' title='bbox 874 1616 909 1679; x_wconf 91' lang='lat' dir='ltr'>et</span> <span class='ocrx_word' id='word_1_36' title='bbox 932 1614 1152 1680; x_wconf 87' lang='lat' dir='ltr'>Bellermann</span> <span class='ocrx_word' id='word_1_37' title='bbox 1183 1614 1227 1680; x_wconf 90' lang='lat' dir='ltr'>ad</span> <span class='ocrx_word' id='word_1_38' title='bbox 1257 1637 1323 1698; x_wconf 88' lang='lat' dir='ltr'>vss.</span> <span class='ocrx_word' id='word_1_39' title='bbox 1349 1614 1431 1696; x_wconf 76' lang='lat'><strong>863,</strong></span> <span class='ocrx_word' id='word_1_40' title='bbox 1464 1614 1538 1680; x_wconf 78' lang='lat'>906.</span> 
     </span>
     <span class='ocr_line' id='line_1_7' title="bbox 411 1753 1540 1837; baseline -0.004 -13"><span class='ocrx_word' id='word_1_41' title='bbox 411 1757 452 1824; x_wconf 85' lang='lat' dir='ltr'>cf.</span> <span class='ocrx_word' id='word_1_42' title='bbox 478 1756 586 1824; x_wconf 81' lang='lat' dir='ltr'>Schol.</span> <span class='ocrx_word' id='word_1_43' title='bbox 612 1756 656 1822; x_wconf 85' lang='lat' dir='ltr'>ad</span> <span class='ocrx_word' id='word_1_44' title='bbox 679 1779 727 1825; x_wconf 93' lang='grc' dir='ltr'>νε.</span> <span class='ocrx_word' id='word_1_45' title='bbox 752 1757 835 1821; x_wconf 86' lang='grc'><strong>873;</strong></span> <span class='ocrx_word' id='word_1_46' title='bbox 864 1758 966 1820; x_wconf 76' lang='grc' dir='ltr'><strong><em>τοῦτο</em></strong></span> <span class='ocrx_word' id='word_1_47' title='bbox 990 1754 1046 1834; x_wconf 79' lang='grc' dir='ltr'>μέν</span> <span class='ocrx_word' id='word_1_48' title='bbox 1071 1759 1147 1837; x_wconf 71' lang='grc' dir='ltr'>φησι</span> <span class='ocrx_word' id='word_1_49' title='bbox 1171 1754 1238 1837; x_wconf 71' lang='grc' dir='ltr'>περὶ</span> <span class='ocrx_word' id='word_1_50' title='bbox 1257 1764 1310 1831; x_wconf 68' lang='grc' dir='ltr'>τῆς</span> <span class='ocrx_word' id='word_1_51' title='bbox 1334 1753 1540 1830; x_wconf 61' lang='lat' dir='ltr'>’locuturas</span> 
     </span>
     <span class='ocr_line' id='line_1_8' title="bbox 410 1893 1539 1978; baseline -0.003 -14"><span class='ocrx_word' id='word_1_52' title='bbox 410 1901 481 1972; x_wconf 80' lang='grc' dir='ltr'>κτὲ,</span> <span class='ocrx_word' id='word_1_53' title='bbox 514 1899 557 1965; x_wconf 88' lang='lat' dir='ltr'>ad</span> <span class='ocrx_word' id='word_1_54' title='bbox 591 1921 640 1967; x_wconf 91' lang='grc' dir='ltr'>νε.</span> <span class='ocrx_word' id='word_1_55' title='bbox 677 1899 758 1964; x_wconf 83' lang='lat'>898:</span> <span class='ocrx_word' id='word_1_56' title='bbox 795 1895 921 1961; x_wconf 67' lang='lat' dir='ltr'>aarum</span> <span class='ocrx_word' id='word_1_57' title='bbox 945 1937 987 1944; x_wconf 95' lang='lat'>-—</span> <span class='ocrx_word' id='word_1_58' title='bbox 1011 1893 1043 1962; x_wconf 78' lang='grc' dir='ltr'>οὗ</span> <span class='ocrx_word' id='word_1_59' title='bbox 1076 1898 1125 1961; x_wconf 81' lang='grc' dir='ltr'>οὐκ</span> <span class='ocrx_word' id='word_1_60' title='bbox 1148 1896 1309 1978; x_wconf 66' lang='grc' dir='ltr'>ἀπέσχετο</span> <span class='ocrx_word' id='word_1_61' title='bbox 1340 1896 1539 1973; x_wconf 69' lang='grc' dir='ltr'>Ἰοκάστη,</span> 
     </span>
     <span class='ocr_line' id='line_1_9' title="bbox 392 2037 1539 2126; baseline 0.001 -22"><span class='ocrx_word' id='word_1_62' title='bbox 392 2099 394 2104; x_wconf 93' lang='grc'><strong>.</strong></span> <span class='ocrx_word' id='word_1_63' title='bbox 413 2043 457 2109; x_wconf 87' lang='lat' dir='ltr'>ad</span> <span class='ocrx_word' id='word_1_64' title='bbox 468 2066 517 2110; x_wconf 92' lang='grc' dir='ltr'>νε.</span> <span class='ocrx_word' id='word_1_65' title='bbox 531 2043 612 2108; x_wconf 81' lang='lat'>906:</span> <span class='ocrx_word' id='word_1_66' title='bbox 633 2040 675 2104; x_wconf 74' lang='lat' dir='ltr'>rot</span> <span class='ocrx_word' id='word_1_67' title='bbox 689 2079 731 2088; x_wconf 97' lang='lat'><em>-</em></span> <span class='ocrx_word' id='word_1_68' title='bbox 743 2037 959 2104; x_wconf 65' lang='grc' dir='ltr'>θεοποοθὲοτοο</span> <span class='ocrx_word' id='word_1_69' title='bbox 983 2039 1206 2120; x_wconf 47' lang='lat' dir='ltr'>excavatum</span> <span class='ocrx_word' id='word_1_70' title='bbox 1222 2041 1278 2104; x_wconf 82' lang='grc' dir='ltr'>ὑπὸ</span> <span class='ocrx_word' id='word_1_71' title='bbox 1295 2040 1492 2116; x_wconf 78' lang='grc' dir='ltr'>Ἰοκοὶοτης.</span> <span class='ocrx_word' id='word_1_72' title='bbox 1510 2042 1539 2126; x_wconf 83' lang='grc'>2)</span> 
     </span>
    </p>
   </div>
   <div class='ocr_carea' id='block_1_3' title="bbox 457 2182 1541 2272">
    <p class='ocr_par' dir='ltr' id='par_1_3' title="bbox 457 2182 1541 2272">
     <span class='ocr_line' id='line_1_10' title="bbox 457 2182 1541 2272; baseline 0.001 -22"><span class='ocrx_word' id='word_1_73' title='bbox 457 2185 544 2250; x_wconf 85' lang='lat' dir='ltr'>Tum</span> <span class='ocrx_word' id='word_1_74' title='bbox 580 2187 708 2266; x_wconf 88' lang='lat' dir='ltr'>autem,</span> <span class='ocrx_word' id='word_1_75' title='bbox 745 2186 922 2272; x_wconf 91' lang='lat' dir='ltr'>postquam</span> <span class='ocrx_word' id='word_1_76' title='bbox 955 2182 991 2248; x_wconf 90' lang='lat' dir='ltr'>in</span> <span class='ocrx_word' id='word_1_77' title='bbox 1024 2182 1091 2250; x_wconf 90' lang='lat' dir='ltr'>fine</span> <span class='ocrx_word' id='word_1_78' title='bbox 1126 2183 1264 2250; x_wconf 89' lang='lat' dir='ltr'>fabulae</span> <span class='ocrx_word' id='word_1_79' title='bbox 1303 2183 1415 2250; x_wconf 93' lang='lat' dir='ltr'>omnia</span> <span class='ocrx_word' id='word_1_80' title='bbox 1451 2183 1541 2251; x_wconf 88' lang='lat' dir='ltr'>mala</span> 
     </span>
    </p>
   </div>
   <div class='ocr_carea' id='block_1_4' title="bbox 305 2325 1540 2415">
    <p class='ocr_par' dir='ltr' id='par_1_4' title="bbox 305 2325 1540 2415">
     <span class='ocr_line' id='line_1_11' title="bbox 305 2325 1540 2415; baseline -0.002 -21"><span class='ocrx_word' id='word_1_81' title='bbox 305 2404 310 2410; x_wconf 84' lang='lat'>.</span> <span class='ocrx_word' id='word_1_82' title='bbox 413 2331 493 2395; x_wconf 89' lang='lat' dir='ltr'>sunt</span> <span class='ocrx_word' id='word_1_83' title='bbox 532 2326 724 2415; x_wconf 85' lang='lat' dir='ltr'>patefacta,</span> <span class='ocrx_word' id='word_1_84' title='bbox 768 2325 916 2412; x_wconf 83' lang='lat' dir='ltr'>Oedipus</span> <span class='ocrx_word' id='word_1_85' title='bbox 957 2325 1050 2392; x_wconf 90' lang='lat' dir='ltr'>diras</span> <span class='ocrx_word' id='word_1_86' title='bbox 1092 2325 1349 2412; x_wconf 81' lang='lat' dir='ltr'>imprecationes</span> <span class='ocrx_word' id='word_1_87' title='bbox 1391 2325 1428 2390; x_wconf 91' lang='lat' dir='ltr'>in</span> <span class='ocrx_word' id='word_1_88' title='bbox 1462 2325 1540 2392; x_wconf 89' lang='lat' dir='ltr'>deos</span> 
     </span>
    </p>
   </div>
   <div class='ocr_carea' id='block_1_5' title="bbox 413 2455 1540 2556">
    <p class='ocr_par' dir='ltr' id='par_1_5' title="bbox 413 2455 1540 2556">
     <span class='ocr_line' id='line_1_12' title="bbox 413 2455 1540 2556; baseline -0.003 -20"><span class='ocrx_word' id='word_1_89' title='bbox 413 2455 562 2553; x_wconf 78' lang='lat' dir='ltr'>cohibet,</span> <span class='ocrx_word' id='word_1_90' title='bbox 594 2468 715 2548; x_wconf 72' lang='grc' dir='ltr'>στέργει</span> <span class='ocrx_word' id='word_1_91' title='bbox 745 2466 787 2531; x_wconf 81' lang='grc' dir='ltr'>τοὶ</span> <span class='ocrx_word' id='word_1_92' title='bbox 818 2465 916 2540; x_wconf 73' lang='lat' dir='ltr'>narrt,</span> <span class='ocrx_word' id='word_1_93' title='bbox 948 2467 1101 2556; x_wconf 90' lang='lat' dir='ltr'>quamvis</span> <span class='ocrx_word' id='word_1_94' title='bbox 1125 2467 1246 2534; x_wconf 88' lang='lat' dir='ltr'>fractis</span> <span class='ocrx_word' id='word_1_95' title='bbox 1268 2489 1375 2556; x_wconf 89' lang='lat' dir='ltr'>paene</span> <span class='ocrx_word' id='word_1_96' title='bbox 1399 2467 1540 2536; x_wconf 83' lang='lat' dir='ltr'>viribus.</span> 
     </span>
    </p>
   </div>
   <div class='ocr_carea' id='block_1_6' title="bbox 412 2610 1537 3125">
    <p class='ocr_par' dir='ltr' id='par_1_6' title="bbox 412 2610 1537 3125">
     <span class='ocr_line' id='line_1_13' title="bbox 412 2610 1537 2700; baseline -0.004 -20"><span class='ocrx_word' id='word_1_97' title='bbox 412 2615 528 2700; x_wconf 85' lang='lat' dir='ltr'>Longe</span> <span class='ocrx_word' id='word_1_98' title='bbox 561 2613 664 2680; x_wconf 89' lang='lat' dir='ltr'>aliter</span> <span class='ocrx_word' id='word_1_99' title='bbox 696 2611 785 2700; x_wconf 91' lang='lat' dir='ltr'>apud</span> <span class='ocrx_word' id='word_1_100' title='bbox 806 2610 962 2678; x_wconf 90' lang='lat' dir='ltr'>Voltaire</span> <span class='ocrx_word' id='word_1_101' title='bbox 985 2610 1119 2678; x_wconf 88' lang='lat' dir='ltr'>Iocasta</span> <span class='ocrx_word' id='word_1_102' title='bbox 1141 2610 1302 2677; x_wconf 90' lang='lat' dir='ltr'>moritur:</span> <span class='ocrx_word' id='word_1_103' title='bbox 1327 2610 1439 2698; x_wconf 91' lang='lat' dir='ltr'>impiis</span> <span class='ocrx_word' id='word_1_104' title='bbox 1463 2634 1537 2679; x_wconf 88' lang='lat' dir='ltr'>ver·</span> 
     </span>
     <span class='ocr_line' id='line_1_14' title="bbox 414 2753 749 2823; baseline -0.009 -1"><span class='ocrx_word' id='word_1_105' title='bbox 414 2757 464 2823; x_wconf 92' lang='lat' dir='ltr'>bis</span> <span class='ocrx_word' id='word_1_106' title='bbox 490 2758 627 2822; x_wconf 85' lang='lat' dir='ltr'>accusat</span> <span class='ocrx_word' id='word_1_107' title='bbox 653 2753 749 2820; x_wconf 87' lang='lat' dir='ltr'>deos:</span> 
     </span>
     <span class='ocr_line' id='line_1_15' title="bbox 949 2894 1315 2990; baseline 0.003 -30"><span class='ocrx_word' id='word_1_108' title='bbox 949 2897 984 2961; x_wconf 90' lang='lat' dir='ltr'>et</span> <span class='ocrx_word' id='word_1_109' title='bbox 1007 2916 1128 2980; x_wconf 83' lang='lat' dir='ltr'>songez</span> <span class='ocrx_word' id='word_1_110' title='bbox 1152 2895 1180 2990; x_wconf 75' lang='lat' dir='ltr'>a</span> <span class='ocrx_word' id='word_1_111' title='bbox 1193 2894 1315 2983; x_wconf 85' lang='lat' dir='ltr'>jamais</span> 
     </span>
     <span class='ocr_line' id='line_1_16' title="bbox 460 3034 1516 3125; baseline 0 -22"><span class='ocrx_word' id='word_1_112' title='bbox 460 3040 523 3122; x_wconf 75' lang='lat' dir='ltr'>Qu&#39;</span> <span class='ocrx_word' id='word_1_113' title='bbox 549 3061 592 3104; x_wconf 91' lang='lat' dir='ltr'>au</span> <span class='ocrx_word' id='word_1_114' title='bbox 614 3035 731 3102; x_wconf 88' lang='lat' dir='ltr'>milieu</span> <span class='ocrx_word' id='word_1_115' title='bbox 756 3034 813 3101; x_wconf 89' lang='lat' dir='ltr'>des</span> <span class='ocrx_word' id='word_1_116' title='bbox 837 3034 997 3102; x_wconf 89' lang='lat' dir='ltr'>horreurs</span> <span class='ocrx_word' id='word_1_117' title='bbox 1022 3035 1067 3100; x_wconf 95' lang='lat' dir='ltr'>du</span> <span class='ocrx_word' id='word_1_118' title='bbox 1091 3036 1218 3120; x_wconf 89' lang='lat' dir='ltr'>destin,</span> <span class='ocrx_word' id='word_1_119' title='bbox 1243 3037 1300 3125; x_wconf 89' lang='lat' dir='ltr'>qui</span> <span class='ocrx_word' id='word_1_120' title='bbox 1322 3037 1516 3125; x_wconf 82' lang='lat' dir='ltr'>m&#39;opprime</span> 
     </span>
    </p>
   </div>
   <div class='ocr_carea' id='block_1_7' title="bbox 460 3177 1543 3266">
    <p class='ocr_par' dir='ltr' id='par_1_7' title="bbox 460 3177 1543 3266">
     <span class='ocr_line' id='line_1_17' title="bbox 460 3177 1543 3266; baseline -0.005 -17"><span class='ocrx_word' id='word_1_121' title='bbox 460 3179 531 3249; x_wconf 84' lang='lat' dir='ltr'>J’ai</span> <span class='ocrx_word' id='word_1_122' title='bbox 564 3179 632 3246; x_wconf 87' lang='lat' dir='ltr'>fait</span> <span class='ocrx_word' id='word_1_123' title='bbox 664 3177 818 3264; x_wconf 83' lang='lat' dir='ltr'>rougir</span> <span class='ocrx_word' id='word_1_124' title='bbox 852 3177 917 3243; x_wconf 90' lang='lat' dir='ltr'>les</span> <span class='ocrx_word' id='word_1_125' title='bbox 951 3177 1100 3260; x_wconf 85' lang='lat' dir='ltr'>dieux,</span> <span class='ocrx_word' id='word_1_126' title='bbox 1136 3179 1193 3266; x_wconf 92' lang='lat' dir='ltr'>qui</span> <span class='ocrx_word' id='word_1_127' title='bbox 1227 3180 1330 3246; x_wconf 84' lang='lat' dir='ltr'>m&#39;ont</span> <span class='ocrx_word' id='word_1_128' title='bbox 1364 3181 1474 3246; x_wconf 73' lang='lat' dir='ltr'>forceo</span> <span class='ocrx_word' id='word_1_129' title='bbox 1500 3203 1543 3247; x_wconf 89' lang='lat' dir='ltr'>au</span> 
     </span>
    </p>
   </div>
   <div class='ocr_carea' id='block_1_8' title="bbox 1307 3323 1555 3409">
    <p class='ocr_par' dir='ltr' id='par_1_8' title="bbox 1307 3323 1555 3409">
     <span class='ocr_line' id='line_1_18' title="bbox 1307 3323 1555 3409; baseline 0.004 -18"><span class='ocrx_word' id='word_1_130' title='bbox 1307 3325 1419 3392; x_wconf 89' lang='lat' dir='ltr'>crime.</span> <span class='ocrx_word' id='word_1_131' title='bbox 1444 3363 1486 3372; x_wconf 84' lang='lat'>—</span> <span class='ocrx_word' id='word_1_132' title='bbox 1514 3323 1555 3409; x_wconf 79' lang='lat'>³)-</span> 
     </span>
    </p>
   </div>
   <div class='ocr_carea' id='block_1_9' title="bbox 415 3563 1549 4174">
    <p class='ocr_par' dir='ltr' id='par_1_9' title="bbox 458 3563 1200 3645">
     <span class='ocr_line' id='line_1_19' title="bbox 458 3563 1200 3645; baseline -0.003 -21"><span class='ocrx_word' id='word_1_133' title='bbox 458 3565 486 3645; x_wconf 80' lang='lat'>¹)</span> <span class='ocrx_word' id='word_1_134' title='bbox 507 3565 641 3624; x_wconf 84' lang='lat' dir='ltr'>Similiter</span> <span class='ocrx_word' id='word_1_135' title='bbox 661 3563 762 3621; x_wconf 88' lang='lat' dir='ltr'>erravit</span> <span class='ocrx_word' id='word_1_136' title='bbox 781 3563 915 3636; x_wconf 83' lang='lat' dir='ltr'>Limburg</span> <span class='ocrx_word' id='word_1_137' title='bbox 934 3564 1070 3628; x_wconf 70' lang='lat' dir='ltr'>Brouwer,</span> <span class='ocrx_word' id='word_1_138' title='bbox 1083 3581 1132 3637; x_wconf 82' lang='lat' dir='ltr'>pg.</span> <span class='ocrx_word' id='word_1_139' title='bbox 1151 3565 1200 3623; x_wconf 82' lang='lat'>43.</span> 
     </span>
    </p>

    <p class='ocr_par' dir='ltr' id='par_1_10' title="bbox 415 3668 1545 3844">
     <span class='ocr_line' id='line_1_20' title="bbox 457 3668 1545 3747; baseline -0.001 -16"><span class='ocrx_word' id='word_1_140' title='bbox 457 3675 485 3747; x_wconf 81' lang='grc'>2)</span> <span class='ocrx_word' id='word_1_141' title='bbox 505 3673 594 3731; x_wconf 90' lang='lat' dir='ltr'>Bothe</span> <span class='ocrx_word' id='word_1_142' title='bbox 614 3671 648 3728; x_wconf 90' lang='lat' dir='ltr'>ad</span> <span class='ocrx_word' id='word_1_143' title='bbox 668 3686 738 3728; x_wconf 89' lang='lat' dir='ltr'>vers.</span> <span class='ocrx_word' id='word_1_144' title='bbox 761 3669 834 3727; x_wconf 78' lang='lat'>856:</span> <span class='ocrx_word' id='word_1_145' title='bbox 849 3673 925 3737; x_wconf 64' lang='grc' dir='ltr'>ὕβρις.</span> <span class='ocrx_word' id='word_1_146' title='bbox 944 3668 1006 3727; x_wconf 89' lang='lat' dir='ltr'>Non</span> <span class='ocrx_word' id='word_1_147' title='bbox 1025 3671 1142 3743; x_wconf 84' lang='lat' dir='ltr'>quadrat</span> <span class='ocrx_word' id='word_1_148' title='bbox 1161 3671 1190 3727; x_wconf 93' lang='lat' dir='ltr'>in</span> <span class='ocrx_word' id='word_1_149' title='bbox 1211 3671 1307 3746; x_wconf 87' lang='lat' dir='ltr'>Oedipi</span> <span class='ocrx_word' id='word_1_150' title='bbox 1328 3669 1545 3747; x_wconf 84' lang='lat' dir='ltr'>ingenium,qui</span> 
     </span>
     <span class='ocr_line' id='line_1_21' title="bbox 415 3775 1201 3844; baseline -0.005 -5"><span class='ocrx_word' id='word_1_151' title='bbox 415 3780 527 3838; x_wconf 89' lang='lat' dir='ltr'>minime</span> <span class='ocrx_word' id='word_1_152' title='bbox 547 3778 668 3836; x_wconf 91' lang='lat' dir='ltr'>omnium</span> <span class='ocrx_word' id='word_1_153' title='bbox 689 3780 840 3844; x_wconf 72' lang='grc' dir='ltr'>ὑβριστικοο.</span> <span class='ocrx_word' id='word_1_154' title='bbox 862 3775 931 3834; x_wconf 85' lang='lat' dir='ltr'>Vide</span> <span class='ocrx_word' id='word_1_155' title='bbox 951 3775 1061 3834; x_wconf 86' lang='lat' dir='ltr'>fabulae</span> <span class='ocrx_word' id='word_1_156' title='bbox 1081 3776 1201 3835; x_wconf 87' lang='lat' dir='ltr'>initium.</span> 
     </span>
    </p>

    <p class='ocr_par' dir='ltr' id='par_1_11' title="bbox 415 3881 1549 4174">
     <span class='ocr_line' id='line_1_22' title="bbox 451 3881 1547 3964; baseline 0 -21"><span class='ocrx_word' id='word_1_157' title='bbox 451 3886 488 3964; x_wconf 55' lang='grc' dir='ltr'>Β)</span> <span class='ocrx_word' id='word_1_158' title='bbox 510 3885 626 3958; x_wconf 82' lang='lat' dir='ltr'>Saepius</span> <span class='ocrx_word' id='word_1_159' title='bbox 646 3883 782 3952; x_wconf 88' lang='lat' dir='ltr'>Voltaire,</span> <span class='ocrx_word' id='word_1_160' title='bbox 803 3884 835 3939; x_wconf 92' lang='lat' dir='ltr'>ut</span> <span class='ocrx_word' id='word_1_161' title='bbox 855 3881 903 3940; x_wconf 91' lang='lat' dir='ltr'>alii</span> <span class='ocrx_word' id='word_1_162' title='bbox 925 3881 1077 3940; x_wconf 88' lang='lat' dir='ltr'>imitatores</span> <span class='ocrx_word' id='word_1_163' title='bbox 1098 3881 1238 3960; x_wconf 74' lang='lat' dir='ltr'>(Drydon,</span> <span class='ocrx_word' id='word_1_164' title='bbox 1260 3883 1416 3963; x_wconf 80' lang='lat' dir='ltr'>Corneille),</span> <span class='ocrx_word' id='word_1_165' title='bbox 1443 3885 1547 3962; x_wconf 87' lang='lat' dir='ltr'>Sopho·</span> 
     </span>
     <span class='ocr_line' id='line_1_23' title="bbox 415 3987 1548 4067; baseline -0.003 -15"><span class='ocrx_word' id='word_1_166' title='bbox 415 3996 485 4052; x_wconf 87' lang='lat' dir='ltr'>olom</span> <span class='ocrx_word' id='word_1_167' title='bbox 515 3993 649 4065; x_wconf 87' lang='lat' dir='ltr'>corrigere</span> <span class='ocrx_word' id='word_1_168' title='bbox 680 3987 713 4067; x_wconf 75' lang='grc' dir='ltr'>(Ι)</span> <span class='ocrx_word' id='word_1_169' title='bbox 741 3991 856 4048; x_wconf 88' lang='lat' dir='ltr'>conatus</span> <span class='ocrx_word' id='word_1_170' title='bbox 877 3991 927 4048; x_wconf 86' lang='lat' dir='ltr'>est.</span> <span class='ocrx_word' id='word_1_171' title='bbox 949 3989 1070 4063; x_wconf 88' lang='lat' dir='ltr'>Oedipus</span> <span class='ocrx_word' id='word_1_172' title='bbox 1089 3991 1191 4061; x_wconf 89' lang='lat' dir='ltr'>nescit,</span> <span class='ocrx_word' id='word_1_173' title='bbox 1213 3992 1346 4065; x_wconf 89' lang='lat' dir='ltr'>quomodo</span> <span class='ocrx_word' id='word_1_174' title='bbox 1366 3995 1491 4049; x_wconf 89' lang='lat' dir='ltr'>mortuus</span> <span class='ocrx_word' id='word_1_175' title='bbox 1511 3991 1548 4049; x_wconf 88' lang='lat' dir='ltr'>sit</span> 
     </span>
     <span class='ocr_line' id='line_1_24' title="bbox 415 4096 1549 4174; baseline -0.003 -15"><span class='ocrx_word' id='word_1_176' title='bbox 415 4101 515 4159; x_wconf 88' lang='lat' dir='ltr'>Laius:</span> <span class='ocrx_word' id='word_1_177' title='bbox 546 4116 616 4172; x_wconf 88' lang='lat' dir='ltr'>quae</span> <span class='ocrx_word' id='word_1_178' title='bbox 646 4113 706 4172; x_wconf 79' lang='lat' dir='ltr'>ree,</span> <span class='ocrx_word' id='word_1_179' title='bbox 736 4096 863 4169; x_wconf 87' lang='lat' dir='ltr'>quamvis</span> <span class='ocrx_word' id='word_1_180' title='bbox 889 4112 938 4169; x_wconf 87' lang='lat' dir='ltr'>por</span> <span class='ocrx_word' id='word_1_181' title='bbox 965 4113 994 4155; x_wconf 88' lang='lat' dir='ltr'>se</span> <span class='ocrx_word' id='word_1_182' title='bbox 1014 4114 1111 4170; x_wconf 87' lang='lat' dir='ltr'>purum</span> <span class='ocrx_word' id='word_1_183' title='bbox 1132 4098 1295 4174; x_wconf 81' lang='lat' dir='ltr'>probabilis,</span> <span class='ocrx_word' id='word_1_184' title='bbox 1315 4098 1443 4172; x_wconf 89' lang='lat' dir='ltr'>antiquos</span> <span class='ocrx_word' id='word_1_185' title='bbox 1462 4099 1549 4156; x_wconf 86' lang='lat' dir='ltr'>Athe·</span> 
     </span>
    </p>
   </div>
   <div class='ocr_carea' id='block_1_10' title="bbox 418 4199 1552 4683">
    <p class='ocr_par' dir='ltr' id='par_1_12' title="bbox 418 4199 1552 4683">
     <span class='ocr_line' id='line_1_25' title="bbox 418 4199 1548 4279; baseline -0.005 -15"><span class='ocrx_word' id='word_1_186' title='bbox 418 4208 526 4265; x_wconf 84' lang='lat' dir='ltr'>nienses</span> <span class='ocrx_word' id='word_1_187' title='bbox 553 4205 687 4264; x_wconf 85' lang='lat' dir='ltr'>offendere</span> <span class='ocrx_word' id='word_1_188' title='bbox 705 4219 759 4260; x_wconf 91' lang='lat' dir='ltr'>non</span> <span class='ocrx_word' id='word_1_189' title='bbox 780 4204 901 4278; x_wconf 87' lang='lat' dir='ltr'>poterat,</span> <span class='ocrx_word' id='word_1_190' title='bbox 922 4202 957 4261; x_wconf 86' lang='lat' dir='ltr'>cf.</span> <span class='ocrx_word' id='word_1_191' title='bbox 979 4199 1095 4261; x_wconf 87' lang='lat' dir='ltr'>Aristot.</span> <span class='ocrx_word' id='word_1_192' title='bbox 1118 4204 1195 4262; x_wconf 82' lang='lat'>1454</span> <span class='ocrx_word' id='word_1_193' title='bbox 1216 4205 1250 4279; x_wconf 87' lang='lat' dir='ltr'>b,</span> <span class='ocrx_word' id='word_1_194' title='bbox 1270 4203 1304 4263; x_wconf 85' lang='lat'>6:</span> <span class='ocrx_word' id='word_1_195' title='bbox 1326 4207 1421 4273; x_wconf 61' lang='lat' dir='ltr'>tayo</span> <span class='ocrx_word' id='word_1_196' title='bbox 1435 4208 1548 4271; x_wconf 70' lang='grc' dir='ltr'>οὲμηοὲν</span> 
     </span>
     <span class='ocr_line' id='line_1_26' title="bbox 420 4303 1546 4372; baseline -0.002 -13"><span class='ocrx_word' id='word_1_197' title='bbox 420 4306 482 4359; x_wconf 71' lang='grc' dir='ltr'>εἶναι</span> <span class='ocrx_word' id='word_1_198' title='bbox 500 4307 524 4358; x_wconf 81' lang='grc' dir='ltr'>ἔν</span> <span class='ocrx_word' id='word_1_199' title='bbox 542 4310 597 4366; x_wconf 77' lang='grc' dir='ltr'>τοῖς</span> <span class='ocrx_word' id='word_1_200' title='bbox 613 4306 774 4370; x_wconf 72' lang='grc' dir='ltr'>πράγμασιν,</span> <span class='ocrx_word' id='word_1_201' title='bbox 792 4303 815 4354; x_wconf 78' lang='grc' dir='ltr'>εἷ</span> <span class='ocrx_word' id='word_1_202' title='bbox 832 4303 859 4354; x_wconf 76' lang='grc' dir='ltr'>δὲ</span> <span class='ocrx_word' id='word_1_203' title='bbox 877 4303 926 4372; x_wconf 71' lang='grc' dir='ltr'>μή,</span> <span class='ocrx_word' id='word_1_204' title='bbox 943 4304 992 4368; x_wconf 75' lang='grc' dir='ltr'>’ἐξω</span> <span class='ocrx_word' id='word_1_205' title='bbox 1007 4308 1053 4363; x_wconf 73' lang='grc' dir='ltr'>τῆς</span> <span class='ocrx_word' id='word_1_206' title='bbox 1068 4305 1223 4368; x_wconf 73' lang='grc' dir='ltr'><em>τραγῳδίας,</em></span> <span class='ocrx_word' id='word_1_207' title='bbox 1239 4303 1289 4356; x_wconf 75' lang='grc' dir='ltr'>οἷον</span> <span class='ocrx_word' id='word_1_208' title='bbox 1304 4310 1334 4357; x_wconf 75' lang='grc' dir='ltr'>τὸ</span> <span class='ocrx_word' id='word_1_209' title='bbox 1348 4306 1374 4357; x_wconf 77' lang='grc' dir='ltr'>ἓν</span> <span class='ocrx_word' id='word_1_210' title='bbox 1387 4313 1423 4370; x_wconf 77' lang='grc' dir='ltr'>τῷ</span> <span class='ocrx_word' id='word_1_211' title='bbox 1434 4304 1546 4357; x_wconf 76' lang='grc' dir='ltr'>Οἰδίποδι</span> 
     </span>
     <span class='ocr_line' id='line_1_27' title="bbox 421 4402 1546 4479; baseline 0.001 -20"><span class='ocrx_word' id='word_1_212' title='bbox 421 4409 457 4473; x_wconf 76' lang='grc' dir='ltr'>τῷ</span> <span class='ocrx_word' id='word_1_213' title='bbox 474 4409 647 4474; x_wconf 72' lang='grc' dir='ltr'><strong><em>Σοφοκλέους,</em></strong></span> <span class='ocrx_word' id='word_1_214' title='bbox 662 4404 727 4461; x_wconf 82' lang='lat' dir='ltr'>ibid.</span> <span class='ocrx_word' id='word_1_215' title='bbox 752 4403 828 4461; x_wconf 79' lang='grc'><strong>1460</strong></span> <span class='ocrx_word' id='word_1_216' title='bbox 849 4421 882 4477; x_wconf 70' lang='lat' dir='ltr'>a,</span> <span class='ocrx_word' id='word_1_217' title='bbox 902 4402 955 4461; x_wconf 82' lang='lat'>28:</span> <span class='ocrx_word' id='word_1_218' title='bbox 975 4410 1046 4458; x_wconf 70' lang='grc' dir='ltr'><strong><em>ἄλλοι</em></strong></span> <span class='ocrx_word' id='word_1_219' title='bbox 1066 4410 1183 4472; x_wconf 74' lang='grc' dir='ltr'><strong><em>μάλιστα</em></strong></span> <span class='ocrx_word' id='word_1_220' title='bbox 1198 4411 1243 4472; x_wconf 74' lang='grc' dir='ltr'>μὲν</span> <span class='ocrx_word' id='word_1_221' title='bbox 1259 4408 1336 4472; x_wconf 70' lang='grc' dir='ltr'><strong>μηδὲν</strong></span> <span class='ocrx_word' id='word_1_222' title='bbox 1351 4409 1423 4474; x_wconf 71' lang='grc' dir='ltr'><strong>’ἔχειν</strong></span> <span class='ocrx_word' id='word_1_223' title='bbox 1438 4410 1546 4479; x_wconf 62' lang='grc' dir='ltr'>ἄλογον,</span> 
     </span>
     <span class='ocr_line' id='line_1_28' title="bbox 423 4504 1549 4572; baseline 0.001 -15"><span class='ocrx_word' id='word_1_224' title='bbox 423 4508 446 4557; x_wconf 77' lang='grc' dir='ltr'>εἰ</span> <span class='ocrx_word' id='word_1_225' title='bbox 463 4505 490 4557; x_wconf 76' lang='grc' dir='ltr'>δὲ</span> <span class='ocrx_word' id='word_1_226' title='bbox 508 4507 557 4572; x_wconf 74' lang='grc' dir='ltr'>μή,</span> <span class='ocrx_word' id='word_1_227' title='bbox 573 4507 622 4570; x_wconf 74' lang='grc' dir='ltr'>’ἔξω</span> <span class='ocrx_word' id='word_1_228' title='bbox 640 4509 687 4556; x_wconf 75' lang='grc' dir='ltr'>τοῦ</span> <span class='ocrx_word' id='word_1_229' title='bbox 705 4504 884 4572; x_wconf 62' lang='grc' dir='ltr'>μοθεύμοιτος,</span> <span class='ocrx_word' id='word_1_230' title='bbox 901 4507 982 4569; x_wconf 79' lang='grc' dir='ltr'><strong>ὥσπερ</strong></span> <span class='ocrx_word' id='word_1_231' title='bbox 1001 4505 1116 4563; x_wconf 74' lang='grc' dir='ltr'>Οἰδίπους</span> <span class='ocrx_word' id='word_1_232' title='bbox 1132 4509 1162 4557; x_wconf 75' lang='grc' dir='ltr'>τὸ</span> <span class='ocrx_word' id='word_1_233' title='bbox 1181 4508 1215 4569; x_wconf 68' lang='grc' dir='ltr'>μὴ</span> <span class='ocrx_word' id='word_1_234' title='bbox 1233 4505 1322 4558; x_wconf 71' lang='grc' dir='ltr'>εἰδέναι</span> <span class='ocrx_word' id='word_1_235' title='bbox 1339 4513 1403 4564; x_wconf 75' lang='grc' dir='ltr'>πῶς</span> <span class='ocrx_word' id='word_1_236' title='bbox 1419 4508 1433 4558; x_wconf 83' lang='grc' dir='ltr'><em>δ</em></span> <span class='ocrx_word' id='word_1_237' title='bbox 1447 4508 1549 4566; x_wconf 76' lang='grc' dir='ltr'><strong><em>Λάιος</em></strong></span> 
     </span>
     <span class='ocr_line' id='line_1_29' title="bbox 422 4603 1552 4683; baseline 0.006 -25"><span class='ocrx_word' id='word_1_238' title='bbox 422 4609 548 4659; x_wconf 49' lang='grc' dir='ltr'>ἀπέθανεν</span> <span class='ocrx_word' id='word_1_239' title='bbox 571 4608 625 4659; x_wconf 74' lang='grc' dir='ltr'>κτὲ,</span> <span class='ocrx_word' id='word_1_240' title='bbox 648 4603 710 4660; x_wconf 87' lang='lat' dir='ltr'>Tali</span> <span class='ocrx_word' id='word_1_241' title='bbox 737 4603 917 4677; x_wconf 81' lang='lat' dir='ltr'>explicatione</span> <span class='ocrx_word' id='word_1_242' title='bbox 943 4620 1041 4677; x_wconf 86' lang='lat' dir='ltr'>parum</span> <span class='ocrx_word' id='word_1_243' title='bbox 1068 4607 1213 4664; x_wconf 86' lang='lat' dir='ltr'>contentus</span> <span class='ocrx_word' id='word_1_244' title='bbox 1239 4608 1298 4663; x_wconf 88' lang='lat' dir='ltr'>orat</span> <span class='ocrx_word' id='word_1_245' title='bbox 1323 4605 1458 4683; x_wconf 80' lang='lat' dir='ltr'>Voltaire,</span> <span class='ocrx_word' id='word_1_246' title='bbox 1479 4607 1552 4680; x_wconf 87' lang='lat' dir='ltr'>apud</span> 
     </span>
    </p>
   </div>
   <div class='ocr_carea' id='block_1_11' title="bbox 0 0 1756 5536">
    <p class='ocr_par' dir='ltr' id='par_1_13' title="bbox 0 0 1756 5536">
     <span class='ocr_line' id='line_1_30' title="bbox 0 0 1756 5536; baseline 0 0"><span class='ocrx_word' id='word_1_247' title='bbox 0 0 1756 5536; x_wconf 95' lang='lat' dir='ltr'> </span> 
     </span>
    </p>
   </div>
  </div>
 </body>
</html>
