3490 5540
791 799 833 864 93

287 987 445 1075 Suspicor
475 989 613 1058 litteras
635 975 692 1067 ᾗ
715 991 752 1056 in
775 991 888 1058 fronte
911 1015 1031 1060 versus
1053 993 1212 1080 periisse,
1236 995 1373 1060 -λίστοι

243 1136 356 1198 autem
391 1133 440 1200 sie
474 1133 637 1222 seriptum
670 1135 776 1202 fuisse
817 1118 969 1209 ΛΙΣΤΑ,
1000 1140 1041 1203 ut
1069 1137 1191 1204 littera
1221 1151 1242 1202 λ
1271 1139 1374 1207 facile

242 1297 317 1340 eum
339 1299 357 1338 κ
380 1275 538 1342 confundi
560 1280 683 1364 posset.
707 1277 881 1344 Posterior
899 1301 981 1347 vero
1000 1277 1215 1365 magistellos
1239 1264 1374 1346 ΛΙΣΤΛ

241 1419 389 1486 mutavit
411 1419 447 1492 in
472 1418 591 1494 ἥκιστα.
621 1419 651 1503 ¹)

287 1561 427 1650 Saepius
461 1562 598 1629 librarii
631 1563 668 1628 in
701 1585 782 1629 voce
819 1561 962 1640 μάλιστα
997 1557 1166 1632 erravisse
1201 1565 1372 1634 videntur.

241 1703 408 1781 μάλιστ’
442 1706 559 1793 procul
593 1705 693 1771 dubio
727 1705 955 1792 reponendum
979 1706 1047 1772 erit
1077 1674 1177 1774 huius
1209 1707 1374 1776 dramatis

241 1873 291 1913 vs
318 1847 403 1913 1172
425 1849 443 1923 ἡ
469 1847 554 1912 δ’ἔσο
576 1850 590 1927 ι’
612 1847 801 1912 κάλλιστ’
827 1827 863 1912 ἂν
887 1847 964 1913 εἵσοι
987 1850 1022 1922 σὴ
1046 1853 1119 1927 γονὴ
1141 1848 1212 1913 τάδ’
1235 1851 1273 1922 ὥς
1294 1850 1372 1930 ἔχει,

242 1989 299 2054 ubi
329 2015 362 2057 v.
392 1990 604 2058 Herwerden
633 1990 783 2058 Nauekii
812 1992 1021 2064 commendat
1051 1992 1277 2060 coniecturam
1301 1993 1373 2070 μοὶ-

242 2135 355 2206 λιστ’,
387 2137 467 2222 apte
490 2134 664 2201 conferens
688 2135 742 2202 El.
769 2135 855 2200 144ss
876 2134 1020 2212 μάλιστά
1044 2159 1088 2199 σοι
1111 2135 1217 2212 μέλειν
1238 2149 1251 2221 Ι
1277 2131 1373 2214 οἷμοιι,

241 2273 385 2351 μάλιστα
410 2276 437 2339 δ’
464 2274 501 2339 ἂν
521 2277 694 2342 κατειδυῖαν
717 2275 847 2358 Φράσον.

286 2417 391 2484 Thoe.
432 2419 486 2486 VI
513 2457 552 2466 -
576 2420 636 2503 93,
680 2421 701 2486 2
744 2420 874 2506 legitur
908 2419 1098 2498 μοὶλισσοι
1130 2421 1183 2485 κοιὶ
1216 2421 1371 2502 τοὲχιστιι.

240 2561 270 2624 Β
304 2584 342 2627 eo
375 2561 447 2628 loeo
481 2562 585 2628 habet
619 2561 798 2629 lectionem
826 2563 1056 2652 κάλλιστοι,
1094 2565 1183 2631 unde
1217 2591 1249 2633 v.
1285 2534 1396 2633 Her-⁸

241 2704 377 2770 werden
402 2703 536 2790 (llnem.
560 2704 603 2770 N.
628 2704 661 2770 S.
686 2704 704 2770 I
730 2705 806 2791 174)
830 2705 974 2772 coniecit
1007 2706 1218 2782 καλλίστη.

284 2846 411 2912 Eodem
444 2846 539 2913 modo
573 2846 771 2935 frequenter
813 2847 1065 2914 confunduntur
1106 2848 1291 2926 μοὶκιστιι
1336 2856 1371 2918 et

173 2993 178 3002 '
239 2987 435 3063 κάκιστοι,
470 3013 556 3075 eg.
592 2989 630 3056 Ο.
656 2991 698 3056 R.
724 2991 829 3073 1301,
853 2991 913 3056 ubi
936 2991 1106 3058 fluctuant
1127 2992 1257 3060 oodioes
1279 2993 1371 3060 inter

239 3130 386 3194 κακίστων
431 3134 467 3197 et
508 3130 663 3208 μοικίστων
708 3131 875 3216 „solemni
916 3133 1070 3215 errore'’,
1113 3137 1153 3200 ut
1192 3139 1285 3201 recte
1321 3136 1372 3202 ait

239 3273 405 3360 Elmsley.

284 3505 353 3572 Ad
385 3531 408 3573 v
421 3529 447 3573 s,
483 3507 562 3572 634:

438 3648 472 3712 σι’
492 3649 560 3722 τὴν
583 3646 775 3724 ἄβουλον,
800 3641 821 3710 ὦ
844 3646 1040 3727 ταλαίπωροι,
1063 3647 1170 3712 στοὶσιν

352 3793 417 3858 635
439 3792 579 3869 γλώσσης
603 3788 764 3870 tripart,
789 3790 848 3854 οὐδ’
872 3790 1103 3870 ἐπαισχύνεσθε
1124 3801 1181 3869 γῆς

439 3934 512 4000 οὕτω
536 3934 671 4009 νοσούσης
694 3932 764 3998 ἴδιοι
786 3937 930 4005 κινοῦντες
952 3933 1053 4007 κοικοὶς

282 4079 510 4146 Praetulerim
554 4077 681 4166 partim
727 4099 802 4142 oum
843 4075 1092 4160 Herwerdeno,
1134 4077 1261 4163 partim
1294 4101 1369 4143 oum

239 4220 443 4287 Doederlino
466 4219 506 4283 σι’
526 4220 629 4295 τήνδ’
652 4215 841 4300 ἄνολβον,
865 4217 953 4306 quod
976 4217 1175 4286 vocabulum
1198 4217 1277 4283 huie
1298 4218 1370 4284 loco

239 4361 615 4430 accommodatissimum
639 4363 701 4428 est.

282 4576 309 4655 ¹)
329 4578 394 4636 Veri
414 4577 536 4634 similius
557 4580 650 4634 tamen
669 4576 781 4634 videtur
801 4576 916 4650 periisse
937 4575 1044 4633 litteras
1063 4571 1128 4646 μῑι.
