3466 5536
751 850 794 915 37

249 1046 403 1112 Eundem
434 1069 584 1128 sensum,
616 1067 717 1134 quam
746 1067 822 1111 mea
849 1044 987 1112 restitui
1011 1044 1221 1128 coniectura,
1247 1069 1335 1111 nuno

207 1188 311 1254 etiam
343 1187 525 1254 Wecklein
558 1186 720 1275 requirit:
743 1187 917 1275 proposuit
941 1187 1029 1253 enim
1053 1187 1091 1271 (J
1094 1186 1253 1254 ahrbiioh.
1277 1187 1335 1252 fiir

206 1329 313 1398 Closs,
335 1330 424 1396 Phil.
451 1331 537 1397 1892
560 1352 615 1418 pg.
640 1331 717 1406 234)
740 1328 793 1394 κοι)
822 1333 968 1393 τοῦτο
998 1327 1210 1406 bowser.
1237 1329 1334 1411 Quod

206 1475 321 1538 autem
354 1471 438 1538 dicit
472 1471 527 1540 vir
563 1470 649 1537 doct.
685 1467 822 1546 μάντεων
855 1471 1002 1538 fortusse
1034 1470 1196 1559 seriptum
1227 1470 1334 1538 fuisse

205 1596 287 1690 ὦ,
318 1613 480 1703 exemplis
511 1618 564 1681 est
594 1613 872 1699 confirmandum
908 1614 992 1680 mihi
1013 1614 1149 1703 quidem
1170 1614 1253 1681 tulis
1278 1614 1333 1680 ab·

204 1755 373 1824 breviatio
396 1755 515 1844 ignoto
538 1760 606 1824 est:
631 1756 772 1826 videant
794 1757 984 1844 peritiores,

251 2040 319 2108 Ad
353 2065 375 2109 v
388 2065 413 2108 ε.
449 2041 525 2107 54:

251 2185 289 2256 ὡς
312 2181 342 2247 εἶ
360 2207 416 2264 περ
440 2180 541 2264 ἄρξεις
562 2183 655 2259 τῆσδε
676 2192 744 2261 γῆς,
768 2181 866 2265 ὥσπερ
889 2189 1010 2265 κροτεῑς
1032 2185 1097 2247 xri.

251 2327 301 2393 Ut
321 2327 383 2394 hoo
405 2323 922 2407 Ιοοοοῖρξειςοῒκροοτεῖς
946 2327 1142 2410 variantur,
1166 2326 1219 2393 ita
1238 2348 1335 2414 prae·

205 2472 261 2535 ter
281 2468 387 2551 locos,
411 2469 533 2536 citatos
558 2490 579 2534 o
600 2468 772 2552 Nauokio‚
793 2469 883 2557 opud
904 2468 1098 2557 Sophoclem
1118 2467 1184 2534 sibi
1202 2491 1335 2557 respon-

208 2611 306 2678 dent:
331 2610 433 2688 λὲγεις
458 2649 498 2658 -
523 2612 586 2692 Φής
610 2610 705 2698 (Ant.
728 2612 827 2698 403),
852 2611 956 2689 βοτοί
971 2650 1015 2658 -
1034 2609 1224 2690 θνητογενεῖς
1237 2611 1329 2695 (ibid.

208 2754 303 2836 815),
328 2752 406 2834 Φίλη
430 2793 471 2800 -
496 2754 667 2835 προσφιλής
690 2755 783 2839 (ibid.
808 2756 898 2840 898),
921 2751 1066 2818 κέλευθον
1086 2794 1126 2801 -
1147 2754 1217 2819 ὁδοῖο
1238 2755 1331 2839 (ibid.

209 2896 327 2982 1213),
361 2901 482 2977 κροτεῖν
518 2935 558 2943 -
593 2893 723 2978 ἄρξομεν
758 2895 828 2981 (Α1.
855 2897 969 2983 1067),
994 2883 1130 3000 οἶνοὶοοέοο
1155 2937 1196 2944 -
1218 2901 1333 2980 κροτῶν

208 3039 302 3128 (ibid.
340 3040 454 3123 1102),
491 3043 618 3121 φλαῦροι
655 3079 695 3086 -
730 3038 812 3105 κακοὶ
840 3040 933 3117 (1616.
967 3041 1065 3125 1323)
1090 3039 1145 3104 ἴδω
1171 3079 1212 3088 —
1236 3040 1335 3105 εἰσίδω

207 3182 273 3265 (ΕΙ.
308 3181 516 3266 267-268),
554 3180 638 3245 κατὰ
671 3180 789 3259 στέγος
822 3221 863 3230 -
899 3183 929 3245 ἕν
952 3180 1037 3254 οἴκοις
1061 3182 1155 3267 (ibid.
1181 3185 1269 3250 1308
1290 3184 1334 3251 of.

209 3325 248 3392 0.
272 3325 314 3390 R.
339 3323 434 3411 637),
460 3323 565 3404 σαφής
590 3364 628 3372 -
654 3323 797 3402 ἐμφανής
820 3325 871 3407 (O.
896 3323 932 3391 C.
960 3325 1075 3408 1501),
1108 3327 1165 3390 ἀπ’
1190 3323 1270 3390 οἴκων
1293 3365 1336 3374 -

208 3467 238 3529 ἐν
270 3464 372 3544 δόμοις
407 3466 542 3549 (Traoh.
581 3467 675 3551 156),
712 3465 780 3531 εἵσω
809 3466 922 3544 στέγης
947 3506 988 3515 —
1013 3468 1097 3540 ε’κτὸς
1121 3468 1215 3543 οιῦλῆς
1239 3468 1333 3549 (1616.

208 3608 413 3691 202-203),
437 3605 540 3683 ἔλεξεν
565 3650 601 3656 -
629 3612 726 3688 Φωοεῑ
745 3608 837 3690 (ibid.
863 3610 956 3692 346),
978 3608 1108 3690 Φονερός
1129 3649 1169 3656 -
1187 3611 1335 3690 ε’μφοινῶς

209 3751 302 3834 (ibid.
339 3752 435 3836 608),
471 3748 604 3827 εὀτοοξίως
639 3791 680 3798 -
715 3749 806 3827 dilue
841 3751 894 3837 (O.
926 3754 968 3819 R.
996 3752 1088 3836 133),
1122 3751 1256 3832 ε’μέμψοο
1293 3791 1336 3799 -

207 3892 317 3972 ψέγεις
341 3894 433 3976 (ibid.
457 3895 665 3978 337-338),
689 3892 803 3973 ἔσχετε
827 3931 869 3940 ·-
892 3893 1094 3974 παρέσχομεν
1112 3892 1205 3969 (ibid.
1226 3894 1336 3959 566-

208 4037 291 4103 567:
325 4036 549 4125 praetulerim
583 4041 699 4103 tamen
732 4034 785 4100 κοὶ
797 4037 863 4117 pr'
898 4034 1057 4115 ἔσχομεν),
1094 4034 1257 4116 προῦλεγον
1295 4073 1337 4082 -

208 4177 305 4253 ηὔδας
339 4179 432 4264 (1616.
465 4179 672 4263 973-974),
708 4179 739 4241 οὐ
770 4186 845 4259 χρῆν
872 4217 909 4224 -
936 4178 986 4242 οὐκ
1010 4175 1072 4241 ἔδει
1096 4177 1189 4260 (1616.
1218 4177 1335 4260 1185),

208 4318 346 4402 ε’φύοοο3’
373 4360 401 4367 -
437 4319 647 4402 Φυτεύοοοντες
671 4320 764 4402 (1616.
790 4320 899 4408 1404).

252 4464 370 4552 Neque
412 4463 468 4531 hio
507 4463 642 4530 dicendi
688 4487 769 4530 usus
815 4463 946 4530 alienus
990 4465 1042 4529 est
1077 4462 1119 4528 ab
1153 4460 1335 4549 Euripide,

207 4606 331 4696 quippe
353 4607 412 4696 qui
436 4607 565 4674 scribut
586 4606 728 4692 (Hecub.
752 4606 831 4691 982)
862 4604 915 4686 oi
925 4618 973 4680 λη
1007 4605 1065 4683 μὲν
1088 4599 1119 4668 εἴ
1137 4601 1184 4677 σὺ,
1216 4626 1333 4684 προσ-
