3466 5536
913 777 954 842 12

415 974 533 1041 Nonne
556 974 629 1042 iure
653 997 714 1041 rex
737 978 920 1061 augustus,
956 975 1014 1063 qui
1040 975 1094 1042 vel
1119 974 1163 1041 ad
1185 998 1302 1063 preces
1327 975 1502 1043 descendit

371 1119 451 1206 (vsa.
488 1119 678 1204 326-327)
721 1118 904 1185 exclamat:
949 1116 1001 1182 καὶ
1044 1117 1105 1199 γὰρ
1148 1117 1183 1182 ἂν
1218 1117 1327 1198 πέτρου
1363 1115 1374 1204 l
1410 1115 1501 1197 Φύσιν

372 1259 440 1338 σύγ’
453 1259 623 1341 o'pyolvam
646 1260 676 1344 1)
701 1260 779 1347 (vss.
806 1261 1006 1340 334-335).
1034 1260 1203 1328 Personae
1216 1260 1386 1347 Sophoclis
1399 1260 1502 1326 homi-

370 1427 429 1470 nes
466 1406 562 1488 sunt,
600 1427 621 1471 a
653 1404 774 1492 quibus
809 1404 859 1470 nil
890 1402 1029 1470 humani
1060 1402 1207 1470 alienum
1234 1405 1303 1469 est:
1328 1403 1443 1489 angeli
1466 1404 1502 1469 in

370 1548 467 1612 terra
496 1569 603 1634 neque
632 1547 759 1634 reperti
783 1549 879 1629 sunt,
907 1568 1015 1634 neque
1039 1568 1195 1634 umquam
1218 1545 1442 1633 reperientur.
1470 1545 1501 1632 2)

370 1689 587 1773 Iracundior,
630 1712 730 1777 quam
772 1689 937 1777 Oedipus,
980 1688 1131 1756 Tiresias
1171 1691 1240 1772 est,
1284 1687 1406 1776 quippe
1442 1689 1501 1776 qui

371 1853 479 1918 neque
518 1835 708 1916 senectute,
751 1854 859 1920 neque
901 1829 1132 1898 misericordia
1175 1829 1382 1913 retineatur,
1420 1829 1501 1918 quin

371 1972 531 2040 miserum
564 1973 745 2057 hominem,
780 1973 838 2063 qui
873 1973 915 2039 de
951 1996 986 2040 se
1020 1995 1086 2039 non
1117 1972 1284 2039 sollicitus
1308 1972 1398 2040 cives
1423 1995 1499 2039 suos

373 2137 511 2183 servare
552 2115 645 2199 vult,
689 2114 773 2182 diris
815 2114 927 2184 verbis
974 2114 1168 2182 contundat.
1215 2115 1257 2182 cf.
1309 2113 1500 2180 Schmelzer

371 2279 426 2346 pg.
452 2260 511 2342 39,
534 2259 588 2325 42.

416 2399 509 2465 Bene
539 2399 731 2466 Schmelzer
763 2399 919 2488 exposuit
949 2399 1129 2488 Oedipum,
1162 2399 1329 2486 ambiguis
1360 2399 1499 2486 auguris
1564 2380 1568 2390 ¹

372 2541 485 2609 verbis
508 2542 700 2628 irritatum,
725 2566 790 2609 non
814 2543 885 2610 sine
906 2565 1008 2610 causa
1028 2542 1206 2610 Creontem
1225 2542 1261 2607 in
1281 2542 1501 2630 suspicionem

374 2707 510 2754 vocare:
542 2686 652 2752 Creon
682 2686 830 2774 Delphos
864 2690 916 2753 est
939 2685 1076 2768 missus,
1102 2684 1190 2752 idem
1214 2685 1290 2772 regi
1313 2685 1437 2770 suasit,
1461 2688 1501 2752 ut

374 2831 562 2896 arcesseret
607 2833 737 2913 vatem,
772 2829 862 2896 idem
896 2829 1023 2916 Oedipo
1059 2827 1164 2896 occiso
1199 2828 1255 2895 vel
1291 2828 1428 2916 expulso
1465 2827 1501 2892 in

374 2992 515 3056 regnum
546 2992 758 3037 successurus
786 2973 848 3037 est.
884 2973 970 3038 Rem
1004 2992 1067 3038 acu
1099 2970 1220 3057 tetigit
1251 2970 1359 3037 Schol.
1385 2969 1428 3036 ad
1451 2993 1500 3037 va.

375 3112 456 3178 681:
482 3109 599 3184 εἰκότως
622 3111 754 3193 ὠργίσθη
779 3113 863 3200 (scil.
889 3113 1049 3203 Oedipus)
1073 3114 1115 3181 cf.
1139 3113 1260 3178 Bruhn
1281 3136 1338 3201 pg.
1363 3113 1415 3179 36.

417 3252 607 3336 Postremo,
651 3255 680 3320 si
718 3255 896 3344 Sophocles
934 3255 1086 3324 indicare
1121 3255 1300 3339 voluisset,
1337 3254 1501 3342 Oedipum

374 3396 538 3463 malorum
580 3421 713 3464 suorum
751 3421 823 3481 esse
866 3402 1053 3484 auctorem,
1096 3399 1168 3486 ipse
1208 3421 1285 3481 rcx,
1328 3399 1368 3462 ut
1403 3417 1501 3483 saepe

375 3539 415 3605 fit
438 3539 473 3605 in
496 3540 699 3627 tragoediis,
723 3541 760 3606 id
784 3541 934 3608 clocutus
958 3544 1057 3608 essct.
1082 3537 1137 3608 Sic
1160 3539 1196 3604 in
1218 3538 1414 3624 Antigonae
1436 3537 1501 3602 fine

375 3681 494 3749 chorus
524 3682 697 3749 contendit
724 3683 760 3748 in
790 3683 881 3749 mala
911 3683 969 3770 agi
997 3682 1192 3749 Creontem:
1221 3681 1271 3744 οὐκ
1302 3677 1465 3759 ἀλλοτρίαις
1490 3675 1501 3764 l

376 3821 469 3897 ἄτης,
505 3825 576 3888 ἀλλ’
610 3825 699 3898 αὐτὸς
731 3822 884 3905 ἁμαρτών.

420 4130 429 4166 ¹
468 4134 480 4184 b
516 4135 615 4192 ίσεικςὶ)

418 4126 446 4312 2l
466 4152 570 4293 Ildloch
590 4231 650 4311 (Gr.
672 4233 772 4293 Gesch.
794 4230 901 4310 1575)
921 4251 1006 4307 agens
1026 4234 1059 4293 do
1080 4235 1210 4308 Sophocle
1230 4235 1297 4293 haec
1317 4234 1413 4292 habet:
1432 4234 1507 4292 seina

373 4342 512 4400 Personen
542 4341 603 4399 sind
630 4340 709 4400 hcine
735 4341 844 4400 Heroon
864 4342 958 4417 mehr,
979 4358 1008 4399 es
1028 4341 1091 4400 sind
1108 4341 1332 4399 Monschen.
1359 4341 1507 4414 Sequentia

374 4450 466 4508 minus
496 4448 564 4507 mihi
594 4450 718 4522 placent:
751 4450 830 4518 aber,
857 4449 930 4506 nach
955 4448 1002 4507 des
1020 4448 1149 4507 Dichters
1169 4447 1293 4521 eigcncm
1314 4447 1507 4520 Aussprucho,

374 4559 452 4617 nicht
470 4558 631 4629 Mammea,
659 4558 709 4617 uie
728 4557 768 4617 sie
789 4557 865 4628 sind,
888 4556 1005 4616 sordem
1023 4556 1073 4615 wie
1093 4556 1133 4615 sie
1154 4556 1213 4615 sein
1233 4555 1335 4625 sollen,
1356 4555 1508 4614 vollendete
1714 4599 1715 4672 ἢ
