<?xml version="1.0" encoding="UTF-8"?>
<!DOCTYPE html PUBLIC "-//W3C//DTD XHTML 1.0 Transitional//EN"
    "http://www.w3.org/TR/xhtml1/DTD/xhtml1-transitional.dtd">
<html xmlns="http://www.w3.org/1999/xhtml" xml:lang="en" lang="en">
 <head>
  <title>
</title>
<meta http-equiv="Content-Type" content="text/html;charset=utf-8" />
  <meta name='ocr-system' content='tesseract 3.04.00' />
  <meta name='ocr-capabilities' content='ocr_page ocr_carea ocr_par ocr_line ocrx_word'/>
</head>
<body>
  <div class='ocr_page' id='page_1' title='image "./studiapraeserti00groegoog_0074.png"; bbox 0 0 3466 5536; ppageno 0'>
   <div class='ocr_carea' id='block_1_1' title="bbox 743 841 785 908">
    <p class='ocr_par' dir='ltr' id='par_1_1' title="bbox 743 841 785 908">
     <span class='ocr_line' id='line_1_1' title="bbox 743 841 785 908; baseline 0 0"><span class='ocrx_word' id='word_1_1' title='bbox 743 841 785 908; x_wconf 88' lang='grc'>63</span> 
     </span>
    </p>
   </div>
   <div class='ocr_carea' id='block_1_2' title="bbox 199 1035 1329 1124">
    <p class='ocr_par' dir='ltr' id='par_1_2' title="bbox 199 1035 1329 1124">
     <span class='ocr_line' id='line_1_2' title="bbox 199 1035 1329 1124; baseline -0.002 -22"><span class='ocrx_word' id='word_1_2' title='bbox 199 1037 329 1103; x_wconf 83' lang='lat' dir='ltr'>scribae</span> <span class='ocrx_word' id='word_1_3' title='bbox 352 1035 507 1101; x_wconf 87' lang='lat' dir='ltr'>hocloco</span> <span class='ocrx_word' id='word_1_4' title='bbox 532 1056 647 1101; x_wconf 89' lang='lat' dir='ltr'>errare</span> <span class='ocrx_word' id='word_1_5' title='bbox 670 1038 871 1122; x_wconf 87' lang='lat' dir='ltr'>potuerunt,</span> <span class='ocrx_word' id='word_1_6' title='bbox 896 1036 984 1124; x_wconf 89' lang='lat' dir='ltr'>quod</span> <span class='ocrx_word' id='word_1_7' title='bbox 1008 1035 1111 1102; x_wconf 83' lang='lat' dir='ltr'>etiam</span> <span class='ocrx_word' id='word_1_8' title='bbox 1134 1035 1329 1104; x_wconf 85' lang='lat' dir='ltr'>vocularum</span> 
     </span>
    </p>
   </div>
   <div class='ocr_carea' id='block_1_3' title="bbox 185 1177 1329 4547">
    <p class='ocr_par' dir='ltr' id='par_1_3' title="bbox 199 1177 916 1265">
     <span class='ocr_line' id='line_1_3' title="bbox 199 1177 916 1265; baseline 0.003 -23"><span class='ocrx_word' id='word_1_9' title='bbox 199 1180 225 1243; x_wconf 85' lang='grc' dir='ltr'>εἰ</span> <span class='ocrx_word' id='word_1_10' title='bbox 250 1184 285 1246; x_wconf 86' lang='lat' dir='ltr'>et</span> <span class='ocrx_word' id='word_1_11' title='bbox 308 1178 362 1244; x_wconf 81' lang='grc' dir='ltr'>καί</span> <span class='ocrx_word' id='word_1_12' title='bbox 385 1178 533 1245; x_wconf 78' lang='lat' dir='ltr'>confusio</span> <span class='ocrx_word' id='word_1_13' title='bbox 555 1177 831 1265; x_wconf 87' lang='lat' dir='ltr'>frequentissima</span> <span class='ocrx_word' id='word_1_14' title='bbox 855 1182 916 1244; x_wconf 91' lang='lat' dir='ltr'>est.</span> 
     </span>
    </p>

    <p class='ocr_par' dir='ltr' id='par_1_4' title="bbox 197 1318 1329 1531">
     <span class='ocr_line' id='line_1_4' title="bbox 242 1318 1329 1404; baseline -0.006 -16"><span class='ocrx_word' id='word_1_15' title='bbox 242 1321 294 1389; x_wconf 86' lang='lat' dir='ltr'>IV</span> <span class='ocrx_word' id='word_1_16' title='bbox 314 1361 357 1370; x_wconf 94' lang='lat'>—</span> <span class='ocrx_word' id='word_1_17' title='bbox 379 1322 438 1404; x_wconf 83' lang='lat'>10,</span> <span class='ocrx_word' id='word_1_18' title='bbox 475 1321 504 1386; x_wconf 81' lang='lat'>1.</span> <span class='ocrx_word' id='word_1_19' title='bbox 544 1320 638 1386; x_wconf 87' lang='lat' dir='ltr'>Ante</span> <span class='ocrx_word' id='word_1_20' title='bbox 680 1318 735 1383; x_wconf 84' lang='grc' dir='ltr'>καί</span> <span class='ocrx_word' id='word_1_21' title='bbox 772 1319 990 1387; x_wconf 90' lang='lat' dir='ltr'>inseruerunt</span> <span class='ocrx_word' id='word_1_22' title='bbox 1030 1319 1257 1387; x_wconf 86' lang='lat' dir='ltr'>necessarium</span> <span class='ocrx_word' id='word_1_23' title='bbox 1291 1320 1329 1390; x_wconf 78' lang='grc' dir='ltr'>ὡς</span> 
     </span>
     <span class='ocr_line' id='line_1_5' title="bbox 197 1455 657 1531; baseline -0.007 0"><span class='ocrx_word' id='word_1_24' title='bbox 197 1490 230 1531; x_wconf 85' lang='lat' dir='ltr'>v.</span> <span class='ocrx_word' id='word_1_25' title='bbox 254 1455 465 1531; x_wconf 82' lang='lat' dir='ltr'>Herwerden</span> <span class='ocrx_word' id='word_1_26' title='bbox 489 1466 525 1529; x_wconf 93' lang='lat' dir='ltr'>et</span> <span class='ocrx_word' id='word_1_27' title='bbox 547 1461 657 1530; x_wconf 82' lang='lat' dir='ltr'>Stahl.</span> 
     </span>
    </p>

    <p class='ocr_par' dir='ltr' id='par_1_5' title="bbox 196 1602 1328 1967">
     <span class='ocr_line' id='line_1_6' title="bbox 240 1602 1328 1691; baseline 0.001 -21"><span class='ocrx_word' id='word_1_28' title='bbox 240 1605 293 1672; x_wconf 92' lang='lat' dir='ltr'>IV</span> <span class='ocrx_word' id='word_1_29' title='bbox 313 1644 355 1652; x_wconf 90' lang='lat'>—</span> <span class='ocrx_word' id='word_1_30' title='bbox 377 1606 429 1672; x_wconf 90' lang='grc'><strong>51.</strong></span> <span class='ocrx_word' id='word_1_31' title='bbox 453 1605 520 1671; x_wconf 87' lang='grc' dir='ltr'>Ρτο</span> <span class='ocrx_word' id='word_1_32' title='bbox 547 1604 657 1672; x_wconf 90' lang='lat' dir='ltr'>verbis</span> <span class='ocrx_word' id='word_1_33' title='bbox 682 1604 847 1691; x_wconf 75' lang='lat' dir='ltr'>suspectis</span> <span class='ocrx_word' id='word_1_34' title='bbox 870 1602 937 1668; x_wconf 78' lang='grc' dir='ltr'>καὶ</span> <span class='ocrx_word' id='word_1_35' title='bbox 968 1603 992 1680; x_wconf 87' lang='grc' dir='ltr'><strong><em>β</em></strong></span> <span class='ocrx_word' id='word_1_36' title='bbox 1001 1603 1228 1682; x_wconf 78' lang='grc' dir='ltr'>εβαιότιιτα</span> <span class='ocrx_word' id='word_1_37' title='bbox 1253 1627 1328 1671; x_wconf 90' lang='lat' dir='ltr'>acu·</span> 
     </span>
     <span class='ocr_line' id='line_1_7' title="bbox 196 1747 1326 1835; baseline -0.004 -21"><span class='ocrx_word' id='word_1_38' title='bbox 196 1749 327 1816; x_wconf 77' lang='lat' dir='ltr'><strong>tissime</strong></span> <span class='ocrx_word' id='word_1_39' title='bbox 373 1747 545 1832; x_wconf 82' lang='lat' dir='ltr'>Badham,</span> <span class='ocrx_word' id='word_1_40' title='bbox 588 1748 749 1835; x_wconf 90' lang='lat' dir='ltr'>probatus</span> <span class='ocrx_word' id='word_1_41' title='bbox 792 1748 834 1813; x_wconf 88' lang='lat' dir='ltr'>ab</span> <span class='ocrx_word' id='word_1_42' title='bbox 869 1747 1116 1830; x_wconf 81' lang='lat' dir='ltr'>Herwerdeno,</span> <span class='ocrx_word' id='word_1_43' title='bbox 1153 1747 1249 1814; x_wconf 91' lang='lat' dir='ltr'>dedit</span> <span class='ocrx_word' id='word_1_44' title='bbox 1282 1749 1326 1819; x_wconf 79' lang='grc' dir='ltr'>ὡς</span> 
     </span>
     <span class='ocr_line' id='line_1_8' title="bbox 198 1887 473 1967; baseline 0.007 -15"><span class='ocrx_word' id='word_1_45' title='bbox 198 1887 473 1967; x_wconf 68' lang='grc' dir='ltr'>βεβαιότατα.</span> 
     </span>
    </p>

    <p class='ocr_par' dir='ltr' id='par_1_6' title="bbox 196 2030 1327 2545">
     <span class='ocr_line' id='line_1_9' title="bbox 240 2030 1327 2117; baseline -0.002 -18"><span class='ocrx_word' id='word_1_46' title='bbox 240 2034 293 2101; x_wconf 90' lang='lat' dir='ltr'>IV</span> <span class='ocrx_word' id='word_1_47' title='bbox 311 2073 355 2080; x_wconf 98' lang='lat'><strong>—</strong></span> <span class='ocrx_word' id='word_1_48' title='bbox 376 2036 435 2117; x_wconf 83' lang='grc'><strong>56,</strong></span> <span class='ocrx_word' id='word_1_49' title='bbox 469 2035 487 2099; x_wconf 89' lang='grc'>1</span> <span class='ocrx_word' id='word_1_50' title='bbox 522 2032 637 2108; x_wconf 70' lang='grc' dir='ltr'><em>πλήθει</em></span> <span class='ocrx_word' id='word_1_51' title='bbox 672 2058 707 2097; x_wconf 87' lang='grc' dir='ltr'>τε</span> <span class='ocrx_word' id='word_1_52' title='bbox 737 2031 884 2106; x_wconf 72' lang='grc' dir='ltr'>ἐλάσσους</span> <span class='ocrx_word' id='word_1_53' title='bbox 915 2031 1035 2097; x_wconf 75' lang='grc' dir='ltr'>ἕκαστοι</span> <span class='ocrx_word' id='word_1_54' title='bbox 1065 2033 1221 2112; x_wconf 72' lang='grc' dir='ltr'><em>ἡγούμενοι</em></span> <span class='ocrx_word' id='word_1_55' title='bbox 1252 2030 1327 2098; x_wconf 84' lang='grc' dir='ltr'><em>εἶναι</em></span> 
     </span>
     <span class='ocr_line' id='line_1_10' title="bbox 196 2175 1324 2263; baseline 0.003 -24"><span class='ocrx_word' id='word_1_56' title='bbox 196 2175 262 2240; x_wconf 70' lang='grc' dir='ltr'>καὶ</span> <span class='ocrx_word' id='word_1_57' title='bbox 297 2178 326 2239; x_wconf 82' lang='grc' dir='ltr'>ἐν</span> <span class='ocrx_word' id='word_1_58' title='bbox 360 2177 401 2257; x_wconf 80' lang='grc' dir='ltr'>τῷ</span> <span class='ocrx_word' id='word_1_59' title='bbox 435 2175 567 2256; x_wconf 81' lang='grc' dir='ltr'><em>τοιούτῳ·</em></span> <span class='ocrx_word' id='word_1_60' title='bbox 598 2176 736 2242; x_wconf 88' lang='lat' dir='ltr'>Incerta</span> <span class='ocrx_word' id='word_1_61' title='bbox 765 2175 830 2242; x_wconf 87' lang='lat' dir='ltr'>loci</span> <span class='ocrx_word' id='word_1_62' title='bbox 861 2176 1012 2263; x_wconf 77' lang='lat' dir='ltr'>corrupti</span> <span class='ocrx_word' id='word_1_63' title='bbox 1043 2175 1232 2242; x_wconf 85' lang='lat' dir='ltr'>emendatio</span> <span class='ocrx_word' id='word_1_64' title='bbox 1256 2181 1324 2261; x_wconf 90' lang='lat' dir='ltr'>est;</span> 
     </span>
     <span class='ocr_line' id='line_1_11' title="bbox 196 2317 1325 2402; baseline -0.004 -16"><span class='ocrx_word' id='word_1_65' title='bbox 196 2344 228 2386; x_wconf 91' lang='lat' dir='ltr'>v.</span> <span class='ocrx_word' id='word_1_66' title='bbox 260 2319 486 2402; x_wconf 84' lang='lat' dir='ltr'>Herwerden‚</span> <span class='ocrx_word' id='word_1_67' title='bbox 519 2318 634 2384; x_wconf 86' lang='lat' dir='ltr'>deleta</span> <span class='ocrx_word' id='word_1_68' title='bbox 665 2318 784 2386; x_wconf 86' lang='lat' dir='ltr'>vocula</span> <span class='ocrx_word' id='word_1_69' title='bbox 814 2341 867 2390; x_wconf 85' lang='grc' dir='ltr'>τε,</span> <span class='ocrx_word' id='word_1_70' title='bbox 890 2322 1005 2385; x_wconf 86' lang='lat' dir='ltr'>tentat</span> <span class='ocrx_word' id='word_1_71' title='bbox 1028 2319 1065 2391; x_wconf 74' lang='grc' dir='ltr'>ὡς</span> <span class='ocrx_word' id='word_1_72' title='bbox 1089 2319 1118 2381; x_wconf 86' lang='grc' dir='ltr'>ἐι</span> <span class='ocrx_word' id='word_1_73' title='bbox 1141 2319 1181 2398; x_wconf 82' lang='grc' dir='ltr'>τῷ</span> <span class='ocrx_word' id='word_1_74' title='bbox 1205 2317 1325 2399; x_wconf 81' lang='grc' dir='ltr'><em>τοιούτῳ</em></span> 
     </span>
     <span class='ocr_line' id='line_1_12' title="bbox 199 2460 692 2545; baseline -0.002 -19"><span class='ocrx_word' id='word_1_75' title='bbox 199 2462 322 2545; x_wconf 78' lang='lat' dir='ltr'>„utin</span> <span class='ocrx_word' id='word_1_76' title='bbox 344 2462 406 2528; x_wconf 92' lang='lat' dir='ltr'>hoc</span> <span class='ocrx_word' id='word_1_77' title='bbox 429 2484 543 2528; x_wconf 89' lang='lat' dir='ltr'>rerum</span> <span class='ocrx_word' id='word_1_78' title='bbox 567 2460 692 2528; x_wconf 83' lang='lat' dir='ltr'>statu.”</span> 
     </span>
    </p>

    <p class='ocr_par' dir='ltr' id='par_1_7' title="bbox 193 2601 1324 2955">
     <span class='ocr_line' id='line_1_13' title="bbox 241 2601 1324 2688; baseline -0.001 -19"><span class='ocrx_word' id='word_1_79' title='bbox 241 2604 361 2671; x_wconf 87' lang='lat' dir='ltr'>IV-</span> <span class='ocrx_word' id='word_1_80' title='bbox 385 2605 444 2688; x_wconf 86' lang='lat'>73,</span> <span class='ocrx_word' id='word_1_81' title='bbox 468 2605 491 2668; x_wconf 87' lang='grc'>4</span> <span class='ocrx_word' id='word_1_82' title='bbox 520 2601 614 2669; x_wconf 85' lang='lat' dir='ltr'>Ante</span> <span class='ocrx_word' id='word_1_83' title='bbox 638 2605 676 2675; x_wconf 78' lang='grc' dir='ltr'>ὡς</span> <span class='ocrx_word' id='word_1_84' title='bbox 699 2603 780 2666; x_wconf 79' lang='grc' dir='ltr'><em>οὐδὲν</em></span> <span class='ocrx_word' id='word_1_85' title='bbox 804 2605 864 2683; x_wconf 77' lang='grc' dir='ltr'>αφ’</span> <span class='ocrx_word' id='word_1_86' title='bbox 890 2603 1035 2684; x_wconf 76' lang='grc' dir='ltr'>ἑκατέρων</span> <span class='ocrx_word' id='word_1_87' title='bbox 1058 2605 1248 2686; x_wconf 74' lang='grc' dir='ltr'><em>ἐπεχειρεῖτο</em></span> <span class='ocrx_word' id='word_1_88' title='bbox 1270 2606 1324 2668; x_wconf 81' lang='grc' dir='ltr'>κτὲ</span> 
     </span>
     <span class='ocr_line' id='line_1_14' title="bbox 194 2745 1324 2847; baseline 0.004 -37"><span class='ocrx_word' id='word_1_89' title='bbox 194 2745 326 2812; x_wconf 88' lang='lat' dir='ltr'>omnino</span> <span class='ocrx_word' id='word_1_90' title='bbox 354 2769 429 2811; x_wconf 90' lang='lat' dir='ltr'>cum</span> <span class='ocrx_word' id='word_1_91' title='bbox 458 2746 689 2847; x_wconf 84' lang='lat' dir='ltr'>Herwerdeno</span> <span class='ocrx_word' id='word_1_92' title='bbox 718 2746 827 2829; x_wconf 78' lang='lat' dir='ltr'>(stud.</span> <span class='ocrx_word' id='word_1_93' title='bbox 858 2770 914 2834; x_wconf 84' lang='lat' dir='ltr'>pg.</span> <span class='ocrx_word' id='word_1_94' title='bbox 947 2749 1002 2830; x_wconf 86' lang='grc'><strong>59)</strong></span> <span class='ocrx_word' id='word_1_95' title='bbox 1026 2747 1205 2813; x_wconf 87' lang='lat' dir='ltr'>delendum</span> <span class='ocrx_word' id='word_1_96' title='bbox 1228 2770 1324 2815; x_wconf 83' lang='lat' dir='ltr'>voca-</span> 
     </span>
     <span class='ocr_line' id='line_1_15' title="bbox 193 2888 394 2955; baseline 0.02 -3"><span class='ocrx_word' id='word_1_97' title='bbox 193 2888 310 2953; x_wconf 84' lang='lat' dir='ltr'>bulum</span> <span class='ocrx_word' id='word_1_98' title='bbox 332 2888 394 2955; x_wconf 83' lang='grc' dir='ltr'><em>καί.</em></span> 
     </span>
    </p>

    <p class='ocr_par' dir='ltr' id='par_1_8' title="bbox 238 3029 1322 3120">
     <span class='ocr_line' id='line_1_16' title="bbox 238 3029 1322 3120; baseline 0.003 -24"><span class='ocrx_word' id='word_1_99' title='bbox 238 3031 292 3098; x_wconf 90' lang='lat' dir='ltr'>IV</span> <span class='ocrx_word' id='word_1_100' title='bbox 311 3068 354 3077; x_wconf 98' lang='lat'><strong>—</strong></span> <span class='ocrx_word' id='word_1_101' title='bbox 373 3032 433 3114; x_wconf 90' lang='grc'><strong>85,</strong></span> <span class='ocrx_word' id='word_1_102' title='bbox 458 3032 478 3096; x_wconf 88' lang='lat'>6</span> <span class='ocrx_word' id='word_1_103' title='bbox 497 3030 587 3098; x_wconf 89' lang='lat' dir='ltr'>Num</span> <span class='ocrx_word' id='word_1_104' title='bbox 603 3030 686 3108; x_wconf 69' lang='grc' dir='ltr'><strong><em>ὑμᾶς</em></strong></span> <span class='ocrx_word' id='word_1_105' title='bbox 700 3029 774 3118; x_wconf 78' lang='grc' dir='ltr'><strong><em>[ὡς]</em></strong></span> <span class='ocrx_word' id='word_1_106' title='bbox 787 3029 842 3095; x_wconf 88' lang='grc' dir='ltr'>καί</span> <span class='ocrx_word' id='word_1_107' title='bbox 851 3031 956 3098; x_wconf 74' lang='lat' dir='ltr'>cett?</span> <span class='ocrx_word' id='word_1_108' title='bbox 969 3030 1021 3098; x_wconf 82' lang='lat' dir='ltr'>Of.</span> <span class='ocrx_word' id='word_1_109' title='bbox 1035 3031 1157 3099; x_wconf 87' lang='lat' dir='ltr'>Mnem.</span> <span class='ocrx_word' id='word_1_110' title='bbox 1169 3031 1188 3096; x_wconf 92' lang='lat' dir='ltr'>I</span> <span class='ocrx_word' id='word_1_111' title='bbox 1199 3055 1254 3120; x_wconf 83' lang='lat' dir='ltr'>pg.</span> <span class='ocrx_word' id='word_1_112' title='bbox 1269 3033 1322 3099; x_wconf 81' lang='lat'>89.</span> 
     </span>
    </p>

    <p class='ocr_par' dir='ltr' id='par_1_9' title="bbox 187 3173 1325 4097">
     <span class='ocr_line' id='line_1_17' title="bbox 238 3173 1325 3256; baseline -0.001 -17"><span class='ocrx_word' id='word_1_113' title='bbox 238 3173 291 3240; x_wconf 88' lang='lat' dir='ltr'>VI</span> <span class='ocrx_word' id='word_1_114' title='bbox 313 3212 356 3221; x_wconf 98' lang='lat'><strong>—</strong></span> <span class='ocrx_word' id='word_1_115' title='bbox 380 3175 440 3256; x_wconf 83' lang='grc'>60,</span> <span class='ocrx_word' id='word_1_116' title='bbox 461 3175 481 3239; x_wconf 87' lang='grc'>2</span> <span class='ocrx_word' id='word_1_117' title='bbox 501 3173 553 3237; x_wconf 74' lang='grc' dir='ltr'>καὶ</span> <span class='ocrx_word' id='word_1_118' title='bbox 573 3175 611 3246; x_wconf 76' lang='grc' dir='ltr'>ὡς</span> <span class='ocrx_word' id='word_1_119' title='bbox 630 3175 727 3239; x_wconf 80' lang='grc' dir='ltr'><em>αὐτῶν</em></span> <span class='ocrx_word' id='word_1_120' title='bbox 746 3174 850 3238; x_wconf 77' lang='grc' dir='ltr'><em>διὰτὸ</em></span> <span class='ocrx_word' id='word_1_121' title='bbox 870 3177 997 3238; x_wconf 78' lang='grc' dir='ltr'><em>τοιοῦτον</em></span> <span class='ocrx_word' id='word_1_122' title='bbox 1009 3173 1202 3255; x_wconf 74' lang='grc' dir='ltr'><em>ὄργιζομὲνωι</em></span> <span class='ocrx_word' id='word_1_123' title='bbox 1214 3175 1325 3239; x_wconf 76' lang='grc' dir='ltr'><em>πολλοί</em></span> 
     </span>
     <span class='ocr_line' id='line_1_18' title="bbox 193 3311 1321 3397; baseline 0.001 -18"><span class='ocrx_word' id='word_1_124' title='bbox 193 3339 229 3379; x_wconf 89' lang='grc' dir='ltr'>τε</span> <span class='ocrx_word' id='word_1_125' title='bbox 255 3315 308 3379; x_wconf 77' lang='grc' dir='ltr'>καὶ</span> <span class='ocrx_word' id='word_1_126' title='bbox 338 3313 489 3394; x_wconf 68' lang='grc' dir='ltr'><em>ἀξιόλογοι</em></span> <span class='ocrx_word' id='word_1_127' title='bbox 514 3314 665 3397; x_wconf 70' lang='grc' dir='ltr'>ἄνθρωποι</span> <span class='ocrx_word' id='word_1_128' title='bbox 689 3317 743 3392; x_wconf 71' lang='grc' dir='ltr'>ἤδη</span> <span class='ocrx_word' id='word_1_129' title='bbox 767 3317 796 3381; x_wconf 85' lang='grc' dir='ltr'>ἕν</span> <span class='ocrx_word' id='word_1_130' title='bbox 820 3317 861 3397; x_wconf 81' lang='grc' dir='ltr'>τῷ</span> <span class='ocrx_word' id='word_1_131' title='bbox 884 3315 1075 3396; x_wconf 69' lang='grc' dir='ltr'><em>δεσμωτηρίῳ</em></span> <span class='ocrx_word' id='word_1_132' title='bbox 1099 3311 1173 3390; x_wconf 76' lang='grc' dir='ltr'><em>ἦσαν</em></span> <span class='ocrx_word' id='word_1_133' title='bbox 1196 3315 1248 3380; x_wconf 75' lang='grc' dir='ltr'>καὶ</span> <span class='ocrx_word' id='word_1_134' title='bbox 1272 3318 1321 3381; x_wconf 82' lang='grc' dir='ltr'>οὐκ</span> 
     </span>
     <span class='ocr_line' id='line_1_19' title="bbox 192 3457 1321 3540; baseline 0.003 -18"><span class='ocrx_word' id='word_1_135' title='bbox 192 3459 224 3522; x_wconf 81' lang='grc' dir='ltr'>ἐν</span> <span class='ocrx_word' id='word_1_136' title='bbox 258 3457 360 3540; x_wconf 68' lang='grc' dir='ltr'><em>παύλῃ</em></span> <span class='ocrx_word' id='word_1_137' title='bbox 395 3459 556 3539; x_wconf 77' lang='grc' dir='ltr'>ἐφαίνετο,</span> <span class='ocrx_word' id='word_1_138' title='bbox 589 3459 676 3524; x_wconf 70' lang='grc' dir='ltr'>ἄλλα</span> <span class='ocrx_word' id='word_1_139' title='bbox 707 3458 782 3524; x_wconf 74' lang='grc' dir='ltr'><em>καθ’</em></span> <span class='ocrx_word' id='word_1_140' title='bbox 805 3459 919 3539; x_wconf 76' lang='grc' dir='ltr'><em>ἡμέραν</em></span> <span class='ocrx_word' id='word_1_141' title='bbox 943 3459 1123 3523; x_wconf 81' lang='grc' dir='ltr'><em>ε’τεδίδοται</em></span> <span class='ocrx_word' id='word_1_142' title='bbox 1146 3461 1267 3538; x_wconf 70' lang='grc' dir='ltr'><em>μᾶλλον</em></span> <span class='ocrx_word' id='word_1_143' title='bbox 1289 3462 1321 3533; x_wconf 81' lang='grc' dir='ltr'>ἐς</span> 
     </span>
     <span class='ocr_line' id='line_1_20' title="bbox 190 3599 1320 3682; baseline 0.004 -18"><span class='ocrx_word' id='word_1_144' title='bbox 190 3601 227 3665; x_wconf 82' lang='grc' dir='ltr'>τὸ</span> <span class='ocrx_word' id='word_1_145' title='bbox 249 3601 426 3682; x_wconf 69' lang='grc' dir='ltr'><em>ἀγριώτερον</em></span> <span class='ocrx_word' id='word_1_146' title='bbox 448 3626 492 3666; x_wconf 86' lang='grc' dir='ltr'>τε</span> <span class='ocrx_word' id='word_1_147' title='bbox 515 3600 580 3666; x_wconf 75' lang='grc' dir='ltr'>καὶ</span> <span class='ocrx_word' id='word_1_148' title='bbox 603 3601 724 3674; x_wconf 79' lang='grc' dir='ltr'><em>πλείους</em></span> <span class='ocrx_word' id='word_1_149' title='bbox 746 3600 790 3665; x_wconf 85' lang='grc' dir='ltr'>ἔτι</span> <span class='ocrx_word' id='word_1_150' title='bbox 810 3599 1044 3679; x_wconf 68' lang='grc' dir='ltr'>ξυλλαμβάνειν</span> <span class='ocrx_word' id='word_1_151' title='bbox 1056 3603 1120 3666; x_wconf 81' lang='grc' dir='ltr'>κτὲ.</span> <span class='ocrx_word' id='word_1_152' title='bbox 1131 3603 1198 3669; x_wconf 90' lang='lat' dir='ltr'>Pro</span> <span class='ocrx_word' id='word_1_153' title='bbox 1211 3603 1320 3669; x_wconf 86' lang='lat' dir='ltr'>altero</span> 
     </span>
     <span class='ocr_line' id='line_1_21' title="bbox 190 3745 1319 3834; baseline 0.004 -27"><span class='ocrx_word' id='word_1_154' title='bbox 190 3769 236 3807; x_wconf 89' lang='grc' dir='ltr'>τε</span> <span class='ocrx_word' id='word_1_155' title='bbox 258 3769 305 3809; x_wconf 89' lang='grc' dir='ltr'>κα</span> <span class='ocrx_word' id='word_1_156' title='bbox 316 3745 331 3808; x_wconf 93' lang='grc' dir='ltr'>ι’Ι</span> <span class='ocrx_word' id='word_1_157' title='bbox 348 3745 520 3832; x_wconf 85' lang='lat' dir='ltr'>ingeniose</span> <span class='ocrx_word' id='word_1_158' title='bbox 540 3746 710 3829; x_wconf 85' lang='lat' dir='ltr'>Badham,</span> <span class='ocrx_word' id='word_1_159' title='bbox 731 3769 830 3834; x_wconf 86' lang='lat' dir='ltr'>quem</span> <span class='ocrx_word' id='word_1_160' title='bbox 842 3750 976 3812; x_wconf 87' lang='lat' dir='ltr'>secutus</span> <span class='ocrx_word' id='word_1_161' title='bbox 990 3749 1043 3813; x_wconf 90' lang='lat' dir='ltr'>est</span> <span class='ocrx_word' id='word_1_162' title='bbox 1054 3771 1085 3814; x_wconf 90' lang='lat' dir='ltr'>v.</span> <span class='ocrx_word' id='word_1_163' title='bbox 1098 3746 1319 3830; x_wconf 87' lang='lat' dir='ltr'>Herwerden,</span> 
     </span>
     <span class='ocr_line' id='line_1_22' title="bbox 189 3884 1320 3976; baseline 0.001 -23"><span class='ocrx_word' id='word_1_164' title='bbox 189 3887 335 3954; x_wconf 90' lang='lat' dir='ltr'>coniecit</span> <span class='ocrx_word' id='word_1_165' title='bbox 367 3884 461 3962; x_wconf 71' lang='grc' dir='ltr'><em>ὥστε,</em></span> <span class='ocrx_word' id='word_1_166' title='bbox 496 3887 584 3976; x_wconf 90' lang='lat' dir='ltr'>quod</span> <span class='ocrx_word' id='word_1_167' title='bbox 620 3887 707 3954; x_wconf 89' lang='lat' dir='ltr'>abiit</span> <span class='ocrx_word' id='word_1_168' title='bbox 740 3887 776 3952; x_wconf 92' lang='lat' dir='ltr'>in</span> <span class='ocrx_word' id='word_1_169' title='bbox 811 3887 865 3951; x_wconf 89' lang='grc' dir='ltr'><em>ιιαι’</em></span> <span class='ocrx_word' id='word_1_170' title='bbox 884 3911 936 3962; x_wconf 70' lang='grc' dir='ltr'>τες</span> <span class='ocrx_word' id='word_1_171' title='bbox 961 3892 1034 3954; x_wconf 90' lang='lat' dir='ltr'>tum</span> <span class='ocrx_word' id='word_1_172' title='bbox 1057 3887 1320 3974; x_wconf 75' lang='lat' dir='ltr'>transpositione</span> 
     </span>
     <span class='ocr_line' id='line_1_23' title="bbox 187 4029 540 4097; baseline -0.008 0"><span class='ocrx_word' id='word_1_173' title='bbox 187 4031 318 4097; x_wconf 88' lang='lat' dir='ltr'>factum</span> <span class='ocrx_word' id='word_1_174' title='bbox 342 4035 396 4097; x_wconf 90' lang='lat' dir='ltr'>est</span> <span class='ocrx_word' id='word_1_175' title='bbox 417 4055 453 4095; x_wconf 89' lang='grc' dir='ltr'>τε</span> <span class='ocrx_word' id='word_1_176' title='bbox 478 4029 540 4095; x_wconf 80' lang='grc' dir='ltr'><em>καί.</em></span> 
     </span>
    </p>

    <p class='ocr_par' dir='ltr' id='par_1_10' title="bbox 185 4172 1318 4547">
     <span class='ocr_line' id='line_1_24' title="bbox 233 4172 1318 4261; baseline -0.003 -20"><span class='ocrx_word' id='word_1_177' title='bbox 233 4174 296 4241; x_wconf 88' lang='lat' dir='ltr'>VI.</span> <span class='ocrx_word' id='word_1_178' title='bbox 320 4213 364 4223; x_wconf 95' lang='lat'>—</span> <span class='ocrx_word' id='word_1_179' title='bbox 388 4176 450 4260; x_wconf 82' lang='lat'>72,</span> <span class='ocrx_word' id='word_1_180' title='bbox 476 4177 506 4242; x_wconf 90' lang='grc'>3.</span> <span class='ocrx_word' id='word_1_181' title='bbox 530 4175 550 4260; x_wconf 65' lang='lat' dir='ltr'>t</span> <span class='ocrx_word' id='word_1_182' title='bbox 573 4172 675 4246; x_wconf 77' lang='grc' dir='ltr'><strong>ἄλλως</strong></span> <span class='ocrx_word' id='word_1_183' title='bbox 697 4197 733 4237; x_wconf 88' lang='grc' dir='ltr'>τε</span> <span class='ocrx_word' id='word_1_184' title='bbox 755 4173 810 4237; x_wconf 81' lang='grc' dir='ltr'>καί</span> <span class='ocrx_word' id='word_1_185' title='bbox 830 4174 860 4259; x_wconf 88' lang='lat'>†.</span> <span class='ocrx_word' id='word_1_186' title='bbox 884 4173 999 4240; x_wconf 89' lang='lat' dir='ltr'>Verba</span> <span class='ocrx_word' id='word_1_187' title='bbox 1022 4173 1221 4261; x_wconf 83' lang='lat' dir='ltr'>depravata.</span> <span class='ocrx_word' id='word_1_188' title='bbox 1245 4173 1318 4239; x_wconf 90' lang='lat' dir='ltr'>Hoc</span> 
     </span>
     <span class='ocr_line' id='line_1_25' title="bbox 185 4314 1316 4405; baseline -0.004 -21"><span class='ocrx_word' id='word_1_189' title='bbox 185 4317 259 4384; x_wconf 88' lang='lat' dir='ltr'>loco</span> <span class='ocrx_word' id='word_1_190' title='bbox 291 4317 332 4384; x_wconf 86' lang='lat' dir='ltr'>G.</span> <span class='ocrx_word' id='word_1_191' title='bbox 356 4319 499 4405; x_wconf 86' lang='lat' dir='ltr'>praebet</span> <span class='ocrx_word' id='word_1_192' title='bbox 521 4316 575 4380; x_wconf 81' lang='grc' dir='ltr'>καί</span> <span class='ocrx_word' id='word_1_193' title='bbox 581 4366 590 4390; x_wconf 93' lang='grc'><strong>,</strong></span> <span class='ocrx_word' id='word_1_194' title='bbox 613 4316 737 4404; x_wconf 83' lang='lat' dir='ltr'>reliqui</span> <span class='ocrx_word' id='word_1_195' title='bbox 759 4315 813 4380; x_wconf 79' lang='grc' dir='ltr'>καί</span> <span class='ocrx_word' id='word_1_196' title='bbox 834 4316 1035 4399; x_wconf 85' lang='lat' dir='ltr'>omiserunt,</span> <span class='ocrx_word' id='word_1_197' title='bbox 1059 4337 1145 4403; x_wconf 87' lang='lat' dir='ltr'>quae</span> <span class='ocrx_word' id='word_1_198' title='bbox 1169 4314 1316 4383; x_wconf 80' lang='lat' dir='ltr'>variatio</span> 
     </span>
     <span class='ocr_line' id='line_1_26' title="bbox 185 4456 1103 4547; baseline -0.008 -20"><span class='ocrx_word' id='word_1_199' title='bbox 185 4461 334 4527; x_wconf 84' lang='lat' dir='ltr'>fortasse</span> <span class='ocrx_word' id='word_1_200' title='bbox 358 4459 547 4547; x_wconf 83' lang='lat' dir='ltr'>explicatur</span> <span class='ocrx_word' id='word_1_201' title='bbox 569 4459 731 4527; x_wconf 87' lang='lat' dir='ltr'>vocabulo</span> <span class='ocrx_word' id='word_1_202' title='bbox 755 4481 953 4546; x_wconf 84' lang='lat' dir='ltr'>praegresso</span> <span class='ocrx_word' id='word_1_203' title='bbox 977 4456 1103 4530; x_wconf 70' lang='grc' dir='ltr'><strong><em>ἄλλως.</em></strong></span> 
     </span>
    </p>
   </div>
   <div class='ocr_carea' id='block_1_4' title="bbox 232 4597 1318 4688">
    <p class='ocr_par' dir='ltr' id='par_1_11' title="bbox 232 4597 1318 4688">
     <span class='ocr_line' id='line_1_27' title="bbox 232 4597 1318 4688; baseline -0.007 -19"><span class='ocrx_word' id='word_1_204' title='bbox 232 4603 304 4670; x_wconf 86' lang='lat' dir='ltr'>VII</span> <span class='ocrx_word' id='word_1_205' title='bbox 328 4641 368 4650; x_wconf 91' lang='lat'><em>-</em></span> <span class='ocrx_word' id='word_1_206' title='bbox 384 4604 431 4686; x_wconf 77' lang='lat'>2,</span> <span class='ocrx_word' id='word_1_207' title='bbox 456 4604 477 4668; x_wconf 89' lang='lat'><strong>3</strong></span> <span class='ocrx_word' id='word_1_208' title='bbox 502 4599 576 4688; x_wconf 75' lang='grc' dir='ltr'>[καὶ]</span> <span class='ocrx_word' id='word_1_209' title='bbox 601 4598 826 4678; x_wconf 74' lang='grc' dir='ltr'><em>ξυιταξοὶμειος</em></span> <span class='ocrx_word' id='word_1_210' title='bbox 850 4602 887 4673; x_wconf 75' lang='grc' dir='ltr'>ὥς</span> <span class='ocrx_word' id='word_1_211' title='bbox 907 4601 937 4672; x_wconf 79' lang='grc' dir='ltr'>ἐς</span> <span class='ocrx_word' id='word_1_212' title='bbox 957 4597 1077 4679; x_wconf 70' lang='grc' dir='ltr'>μάχοιο.</span> <span class='ocrx_word' id='word_1_213' title='bbox 1090 4599 1252 4666; x_wconf 88' lang='lat' dir='ltr'>Voculam</span> <span class='ocrx_word' id='word_1_214' title='bbox 1263 4598 1318 4662; x_wconf 84' lang='grc' dir='ltr'>καί</span> 
     </span>
    </p>
   </div>
   <div class='ocr_carea' id='block_1_5' title="bbox 0 0 1738 5536">
    <p class='ocr_par' dir='ltr' id='par_1_12' title="bbox 0 0 1738 5536">
     <span class='ocr_line' id='line_1_28' title="bbox 0 0 1738 5536; baseline 0 6"><span class='ocrx_word' id='word_1_215' title='bbox 0 0 1738 5536; x_wconf 95' lang='lat' dir='ltr'> </span> 
     </span>
    </p>
   </div>
  </div>
 </body>
</html>
