3490 5540
944 779 987 842 96

397 971 534 1039 ohorus:
566 971 633 1040 nisi
666 993 790 1060 poenas
822 971 906 1038 dant
929 971 1080 1054 scelesti,
1105 971 1183 1038 deos
1209 970 1391 1038 saltatione
1416 970 1530 1036 eolere

397 1137 532 1182 neeesse
567 1138 632 1182 non
667 1119 729 1182 est.
765 1115 853 1182 Vide
885 1115 1069 1198 Wunderi,
1102 1113 1308 1182 Sohmelzeri
1339 1117 1375 1180 et
1397 1113 1530 1179 Beller-

396 1257 511 1324 manni
538 1257 698 1346 optimam
722 1257 821 1324 huius
844 1258 910 1324 loci
934 1256 1200 1346 explicationem.
1236 1256 1317 1323 Iure
1341 1255 1364 1322 J
1367 1256 1429 1321 ebb
1451 1279 1530 1322 con·

397 1399 510 1466 tendit
544 1399 709 1500 yoeabula
743 1399 776 1463 ον’
809 1399 857 1464 δεῖ
885 1423 926 1478 με
961 1397 1112 1480 χορεύεινς
1146 1397 1237 1488 apud
1266 1397 1413 1465 Graecos
1436 1398 1528 1464 idem

396 1564 469 1609 esse
490 1564 528 1610 ac
551 1542 654 1630 „why
665 1542 832 1610 maintain
851 1541 911 1610 the
927 1542 1053 1610 solemn
1065 1542 1149 1610 rites
1162 1542 1199 1608 of
1206 1541 1320 1630 publio
1332 1541 1524 1628 worshipl”

396 1685 470 1752 Iam
506 1686 595 1774 apud
630 1686 813 1752 Homerum
843 1685 922 1752 deos
944 1707 1004 1772 per
1027 1683 1240 1751 saltationem
1265 1684 1420 1773 placant3
1446 1683 1524 1751 vide

395 1827 429 1892 Il
451 1827 525 1892 I—
545 1828 612 1894 474
636 1823 662 1892 ol
684 1827 716 1892 δὲ
741 1827 918 1908 πανημέριοι
948 1836 1083 1909 μολπῇ
1106 1824 1176 1891 θεὸν
1200 1825 1371 1904 ἱλάσκοντο,
1399 1823 1409 1912 f
1432 1825 1524 1890 καλὸν

395 1968 545 2042 ἀείδοντες
580 1970 725 2054 ποοιήονοο,
762 1974 854 2052 κοῦροι
884 1973 1041 2051 Ἀχαιῶν,
1077 1971 1091 2057 s
1127 1935 1297 2048 μέλποντες
1332 1968 1522 2049 ramspa-

396 2113 449 2196 (de
484 2112 730 2200 significatione
761 2113 957 2181 conferatur
980 2113 1089 2180 Lehrs
1124 2115 1210 2198 („De
1235 2112 1430 2180 Aristarchi
1454 2117 1524 2179 stu·

395 2255 460 2322 diis
490 2255 699 2322 Homericis”
737 2255 788 2322 ed.
820 2261 900 2322 tert.
925 2279 980 2344 pg.
1007 2257 1094 2340 138),
1120 2255 1177 2344 qui
1201 2279 1326 2322 summo
1351 2255 1424 2321 iure
1449 2277 1523 2321 oon·

394 2398 507 2466 tendit
530 2396 713 2475 μέλπεοὲιοιι
733 2402 768 2466 et
790 2398 895 2476 μολπή
917 2422 1046 2486 semper
1066 2398 1156 2486 apud
1175 2399 1358 2464 Homerum
1378 2397 1521 2483 deludo,

394 2547 429 2607 et
459 2541 603 2606 maxime
631 2540 673 2606 de
696 2540 774 2606 lusu
806 2540 998 2607 saltationis
1023 2540 1150 2607 dietum
1174 2563 1263 2623 esse,
1287 2564 1353 2606 non
1375 2563 1455 2608 vero
1478 2540 1521 2606 de

393 2685 512 2766 cantu,
545 2682 613 2750 vid.
647 2682 846 2750 01111-
872 2683 931 2766 19,
964 2682 1014 2750 VI
1036 2721 1076 2730 -
1103 2681 1520 2767 101,11.V11-241‚
1584 2700 1604 2726 ·

392 2825 478 2893 XVI
503 2863 543 2874 -
570 2827 650 2909 182,
687 2826 812 2894 XVIII
837 2865 878 2873 —
903 2827 992 2911 572.)

438 2967 569 3049 χορεύειν
605 2969 689 3036 satis
725 2969 921 3036 defenditur
945 2968 1027 3034 loeis
1052 2967 1167 3035 citatis
1192 2990 1213 3034 a
1236 2967 1259 3034 J
1262 2967 1374 3050 ebbi0,
1399 2967 1520 3055 quibus

393 3112 478 3179 addo
513 3111 595 3179 Ant.
629 3114 709 3196 153,
741 3113 843 3196 1152,
880 3113 938 3179 Tr.
963 3113 1044 3195 220,
1080 3112 1160 3177 Eur.
1185 3111 1256 3177 Ion.
1283 3111 1386 3193 1080,
1420 3110 1518 3176 Pind.

391 3255 510 3321 Isthm.
534 3254 636 3332 1-8,
672 3254 843 3322 Demosth.
868 3254 955 3320 XXI
979 3256 1038 3338 52,
1073 3252 1236 3341 imprimis
1272 3255 1385 3319 autem
1409 3251 1519 3328 ,huius

392 3396 557 3464 dramatis
595 3420 642 3465 vs,
669 3397 755 3464 1095
790 3395 842 3460 κνὶ
877 3393 1060 3477 χορεύεοθοοι
1085 3394 1156 3475 πρὸς
1179 3395 1259 3472 ἡμῶν
1282 3394 1304 3460 i.
1329 3417 1356 3460 e.
1390 3392 1518 3478 „choris

392 3538 595 3623 celebrari,”
631 3544 671 3606 ut
693 3543 785 3607 reete
809 3540 917 3608 vertit
939 3539 1093 3605 Dindorf.
1118 3537 1304 3605 Laetitiam
1328 3560 1389 3625 per
1410 3536 1518 3604 saltus

392 3680 551 3768 exprimit
574 3681 692 3747 chorus
725 3679 781 3747 Ai.
807 3681 888 3766 701;
914 3704 968 3748 res
993 3684 1070 3748 atra
1094 3682 1212 3746 eontra
1236 3677 1398 3760 ἀχόρευτος
1421 3702 1518 3748 voea-

391 3824 448 3887 tur
472 3822 525 3887 El.
552 3823 654 3906 1069,
685 3823 744 3888 ubi
774 3822 852 3890 vide
883 3821 1018 3907 Nauck5
1045 3821 1234 3908 iunguntur
1257 3825 1371 3888 autem
1395 3819 1458 3901 ἱεροὶ
1483 3824 1518 3887 et

391 3963 475 4045 χοροί
495 3964 577 4030 Eur.
602 3965 655 4030 El.
681 3966 746 4031 310
770 3964 904 4045 οὶνὲορτος
928 3963 1005 4044 ἱερῶν
1027 3962 1079 4028 κοι1
1103 3967 1197 4044 χορῶν
1221 3963 1385 4041 τντονμὲνν.

436 4107 636 4195 Comparato
678 4130 780 4176 versu
822 4107 1066 4195 antistrophioo
1103 4105 1176 4187 ἔρρει
1210 4107 1243 4170 δὲ
1277 4106 1318 4170 τοὶ
1352 4105 1426 4170 θεῖον
1461 4107 1516 4194 (de

382 4248 561 4323 ‚sententia
595 4249 663 4316 vid.
703 4249 785 4316 Eur.
822 4249 944 4316 Troad.
980 4251 1036 4335 27)
1079 4251 1177 4337 patet
1209 4272 1269 4337 pro
1304 4247 1337 4313 τί
1369 4249 1515 4316 fortasse

389 4391 518 4481 requiri
541 4391 677 4478 longam
701 4392 879 4480 syllabam.

434 4533 471 4599 Si
495 4533 576 4620 quid
598 4533 810 4616 mutandum,
834 4521 977 4619 legerim
999 4533 1036 4595 οὐ
1061 4532 1110 4595 δεῖ
1130 4557 1171 4610 με
1194 4534 1336 4613 χορεύειν,
