3466 5536
760 783 780 843 5

249 973 398 1060 Oedipus
433 979 547 1040 autem
580 979 704 1058 regnat
738 975 864 1041 Thebis
899 975 976 1038 ὃεῶν
1011 976 1100 1049 ἐνεὶς
1132 976 1185 1040 ee
1217 977 1333 1054 βωλές

205 1116 325 1204 (Odys.
347 1116 537 1202 rol—276.)
566 1117 595 1201 ¹)
617 1117 693 1183 Nou
716 1139 779 1183 sua
800 1118 916 1206 culpa,
941 1119 1079 1186 deorum
1101 1121 1277 1187 voluntate
1297 1121 1333 1186 in

204 1260 330 1326 malum
360 1259 624 1346 praecipitatur,
654 1264 695 1325 ut
720 1260 898 1346 Antigona
922 1261 974 1346 (O.
998 1262 1035 1328 C.
1060 1264 1138 1346 394)
1161 1263 1261 1330 dicit:
1285 1268 1333 1328 νῦν

206 1402 267 1481 γὰρ
290 1401 407 1465 3εείσ’
430 1400 608 1482 §phebea
632 1400 749 1482 πρὲσθε
771 1402 1004 1477 delaturae,
1040 1405 1098 1493 qui
1121 1429 1257 1487 verm,
1291 1410 1332 1472 ut

205 1545 274 1612 iam
315 1549 408 1612 recte
442 1548 658 1613 observatum
692 1548 746 1612 est
779 1570 800 1612 a
832 1545 1003 1630 Nauckio‚
1048 1521 1153 1614 totius
1194 1549 1332 1615 fabulae

205 1688 312 1755 clavis
336 1710 408 1754 esse
432 1687 578 1754 videtur.

248 1831 335 1896 Dira
363 1830 430 1897 fati
459 1830 664 1897 necessitate
695 1831 859 1918 Oedipum
886 1832 923 1896 in
944 1854 1086 1916 magnas
1108 1832 1214 1899 conici
1236 1833 1332 1899 mise-

205 1973 274 2039 rias
304 1975 390 2039 bene
419 1973 574 2060 exposuit
601 1973 814 2058 Dindorfius‚
849 1997 990 2062 quocum
1018 1997 1085 2040 non
1107 1979 1222 2042 tamen
1244 1976 1332 2042 facio

205 2114 346 2181 addenti
390 2139 481 2200 „non
520 2115 592 2182 sine
625 2115 758 2203 aliqua,
794 2115 861 2182 etsi
894 2116 1094 2199 excusabili,
1131 2140 1192 2184 sua
1227 2117 1331 2205 ipsius

204 2257 343 2345 culpa.”

248 2400 292 2465 In
322 2400 474 2467 omnibus
505 2400 547 2466 de
578 2400 699 2488 Oedipi
733 2405 823 2467 sorte
846 2400 1118 2485 narrationibus,
1143 2402 1330 2490 dequibus

205 2543 335 2631 copiose
358 2542 521 2610 disseruit
542 2543 582 2609 F.
608 2542 649 2609 G.
669 2542 945 2610 Schneidewinus
957 2542 1061 2628 (Acta
1073 2545 1185 2612 societ.
1198 2545 1329 2632 discipl.

200 2865 299 2920 quem,
325 2849 357 2904 ut
382 2845 596 2920 perspiciamus,
622 2845 671 2918 qui
700 2846 805 2904 factum
834 2846 872 2904 sit
898 2849 931 2904 ut
951 2847 1073 2921 Oedipus
1092 2848 1214 2906 nondum
1233 2848 1334 2906 melius

201 2954 235 3012 de
251 2954 313 3011 Laii
332 2953 444 3011 edoctus
463 2955 536 3010 esset
555 2951 705 3026 occisione,
724 2969 771 3010 rex
792 2953 929 3010 locustum
948 2954 994 3010 his
1012 2954 1171 3028 adloquitur
1190 2955 1295 3013 verbis:

301 3061 443 3134 Madame,
458 3059 609 3132 jusqu'ici,
629 3061 785 3132 respectant
803 3076 852 3117 vos
871 3060 1015 3131 doulems,

298 3169 335 3226 Je
354 3167 411 3225 n'ai
429 3167 509 3240 point
526 3165 638 3240 reppele
657 3166 684 3223 le
703 3165 777 3238 sujet
795 3166 830 3226 de
849 3183 898 3225 vos
917 3168 1026 3240 pleurs;

300 3275 337 3332 Et
356 3275 390 3333 de
409 3291 458 3332 ros
476 3275 552 3332 seuls
570 3273 656 3348 perils
676 3273 782 3346 chaque
797 3273 863 3346 jour
882 3274 1002 3332 almmee

299 3382 365 3439 lton
383 3385 444 3439 ame
462 3380 480 3438 a
499 3380 620 3438 d'autres
640 3379 716 3437 seins
735 3380 864 3438 sembtnit
884 3384 942 3439 etro
961 3382 1072 3441 fermee.

199 3490 284 3565 Apud
301 3489 413 3563 Dryden
431 3488 566 3561 Oedipus,
586 3504 658 3560 quae
676 3487 710 3544 de
729 3487 797 3546 Iaio
816 3488 972 3559 audiverat,
993 3489 1095 3547 oblitus
1113 3492 1171 3547 est!

637 3611 656 3651 a
675 3594 806 3652 confused
822 3599 915 3668 repert

299 3702 397 3760 Pass'd
415 3701 536 3774 through
554 3717 600 3774 my
620 3717 698 3774 ears,
717 3701 796 3758 when
815 3701 878 3758 first
898 3701 914 3759 I
934 3701 998 3760 took
1017 3702 1065 3760 the
1085 3718 1191 3769 eroum

298 3810 357 3868 But
376 3810 430 3867 full
449 3810 480 3866 of
496 3809 597 3881 hurty,
616 3806 673 3864 like
692 3823 710 3864 a
729 3807 857 3880 morning
876 3808 983 3878 dream,

300 3919 328 3975 It
347 3913 474 3975 ranish’d
493 3916 523 3973 in
542 3915 590 3973 the
610 3914 736 3972 business
755 3916 787 3973 uf
802 3915 849 3973 the
868 3915 931 3989 day.

238 4024 468 4096 Quotiescumque
494 4022 566 4080 tiles
593 4021 773 4080 correctiones
780 4023 818 4093 (?)
838 4022 917 4094 lego,
938 4022 968 4080 in
987 4025 1108 4080 mentem
1127 4022 1195 4079 mihi
1216 4022 1331 4080 ueniunt

198 4131 281 4188 verba
309 4131 359 4187 illa
387 4128 532 4187 notissima
550 4127 679 4185 Pindari:
697 4131 810 4196 liupana
826 4131 952 4196 γαρύετον
968 4133 977 4198 ,’
994 4135 1053 4191 Διός
1068 4133 1129 4197 πρὸς
1144 4131 1234 4196 ὄρνιχα
1251 4134 1330 4181 Ξεῑνν.

237 4237 331 4310 Digna
359 4239 427 4295 sunt
454 4253 526 4308 quae
554 4236 699 4308 legantur,
729 4251 801 4308 quae
831 4234 943 4307 scripsit
969 4237 1005 4292 A.
1032 4233 1065 4293 O.
1092 4251 1119 4291 v.
1146 4233 1248 4290 Hamel
1274 4233 1330 4292 «de

198 4343 319 4419 Oedipus
338 4343 386 4401 der
406 4343 544 4401 Fransche
560 4341 715 4400 blm-sichen
733 4365 747 4392 »
768 4341 848 4415 (Gids
867 4341 947 4400 Febr.
969 4339 1070 4418 189i).

242 4452 267 4520 ¹)
288 4451 394 4508 Ibidem
414 4451 539 4508 locastae
557 4450 641 4523 culpa
658 4449 776 4508 lenitur:
796 4465 928 4522 magnum
943 4448 1054 4523 quidem
1064 4447 1328 4518 commisitfacinus,

197 4557 246 4617 sed
266 4589 305 4600 -
325 4562 446 4630 d'idpec'pca
464 4566 527 4612 νόοιο
547 4554 642 4634 (2Ῑ2).
