<?xml version="1.0" encoding="UTF-8"?>
<!DOCTYPE html PUBLIC "-//W3C//DTD XHTML 1.0 Transitional//EN"
    "http://www.w3.org/TR/xhtml1/DTD/xhtml1-transitional.dtd">
<html xmlns="http://www.w3.org/1999/xhtml" xml:lang="en" lang="en">
 <head>
  <title>
</title>
<meta http-equiv="Content-Type" content="text/html;charset=utf-8" />
  <meta name='ocr-system' content='tesseract 3.04.00' />
  <meta name='ocr-capabilities' content='ocr_page ocr_carea ocr_par ocr_line ocrx_word'/>
</head>
<body>
  <div class='ocr_page' id='page_1' title='image "./studiapraeserti00groegoog_0038.png"; bbox 0 0 3466 5536; ppageno 0'>
   <div class='ocr_carea' id='block_1_1' title="bbox 764 840 808 904">
    <p class='ocr_par' dir='ltr' id='par_1_1' title="bbox 764 840 808 904">
     <span class='ocr_line' id='line_1_1' title="bbox 764 840 808 904; baseline 0 0"><span class='ocrx_word' id='word_1_1' title='bbox 764 840 808 904; x_wconf 88' lang='grc'>27</span> 
     </span>
    </p>
   </div>
   <div class='ocr_carea' id='block_1_2' title="bbox 218 1033 1352 4408">
    <p class='ocr_par' dir='ltr' id='par_1_2' title="bbox 218 1033 1351 3122">
     <span class='ocr_line' id='line_1_2' title="bbox 219 1033 1349 1122; baseline -0.004 -23"><span class='ocrx_word' id='word_1_2' title='bbox 219 1038 330 1112; x_wconf 73' lang='lat' dir='ltr'>pete</span> <span class='ocrx_word' id='word_1_3' title='bbox 361 1033 432 1100; x_wconf 91' lang='lat' dir='ltr'>loco</span> <span class='ocrx_word' id='word_1_4' title='bbox 463 1035 605 1100; x_wconf 88' lang='lat' dir='ltr'>mutatis</span> <span class='ocrx_word' id='word_1_5' title='bbox 628 1039 746 1100; x_wconf 89' lang='lat' dir='ltr'>natum</span> <span class='ocrx_word' id='word_1_6' title='bbox 769 1058 842 1101; x_wconf 88' lang='lat' dir='ltr'>esse</span> <span class='ocrx_word' id='word_1_7' title='bbox 865 1034 1104 1122; x_wconf 83' lang='lat' dir='ltr'>inexplicabile</span> <span class='ocrx_word' id='word_1_8' title='bbox 1126 1034 1214 1100; x_wconf 91' lang='lat' dir='ltr'>illud</span> <span class='ocrx_word' id='word_1_9' title='bbox 1236 1039 1349 1114; x_wconf 69' lang='grc' dir='ltr'>φορεῖν.</span> 
     </span>
     <span class='ocr_line' id='line_1_3' title="bbox 218 1177 1350 1266; baseline 0.002 -24"><span class='ocrx_word' id='word_1_10' title='bbox 218 1177 271 1242; x_wconf 93' lang='lat' dir='ltr'>De</span> <span class='ocrx_word' id='word_1_11' title='bbox 313 1177 442 1244; x_wconf 86' lang='lat' dir='ltr'>litteris</span> <span class='ocrx_word' id='word_1_12' title='bbox 481 1177 700 1266; x_wconf 79' lang='lat' dir='ltr'>transpositis</span> <span class='ocrx_word' id='word_1_13' title='bbox 741 1177 810 1246; x_wconf 88' lang='lat' dir='ltr'>vid.</span> <span class='ocrx_word' id='word_1_14' title='bbox 846 1178 1027 1245; x_wconf 82' lang='lat' dir='ltr'>Wecklein</span> <span class='ocrx_word' id='word_1_15' title='bbox 1060 1177 1142 1261; x_wconf 83' lang='lat' dir='ltr'>(Ars</span> <span class='ocrx_word' id='word_1_16' title='bbox 1177 1178 1350 1265; x_wconf 83' lang='lat' dir='ltr'>Sophoclis</span> 
     </span>
     <span class='ocr_line' id='line_1_4' title="bbox 220 1319 1350 1408; baseline 0.001 -22"><span class='ocrx_word' id='word_1_17' title='bbox 220 1319 421 1386; x_wconf 90' lang='lat' dir='ltr'>emendandi</span> <span class='ocrx_word' id='word_1_18' title='bbox 462 1344 518 1408; x_wconf 86' lang='lat' dir='ltr'>pg.</span> <span class='ocrx_word' id='word_1_19' title='bbox 554 1321 630 1404; x_wconf 89' lang='grc'>22),</span> <span class='ocrx_word' id='word_1_20' title='bbox 673 1321 769 1387; x_wconf 89' lang='lat' dir='ltr'>cuius</span> <span class='ocrx_word' id='word_1_21' title='bbox 810 1321 1035 1408; x_wconf 75' lang='lat' dir='ltr'>disputationi</span> <span class='ocrx_word' id='word_1_22' title='bbox 1079 1321 1181 1408; x_wconf 87' lang='lat' dir='ltr'>plura</span> <span class='ocrx_word' id='word_1_23' title='bbox 1224 1320 1350 1387; x_wconf 88' lang='lat' dir='ltr'>addere</span> 
     </span>
     <span class='ocr_line' id='line_1_5' title="bbox 219 1463 1351 1551; baseline 0 -23"><span class='ocrx_word' id='word_1_24' title='bbox 219 1463 327 1550; x_wconf 91' lang='lat' dir='ltr'>possis</span> <span class='ocrx_word' id='word_1_25' title='bbox 362 1464 524 1550; x_wconf 82' lang='lat' dir='ltr'>exempla.</span> <span class='ocrx_word' id='word_1_26' title='bbox 558 1464 601 1529; x_wconf 93' lang='lat' dir='ltr'>In</span> <span class='ocrx_word' id='word_1_27' title='bbox 636 1465 676 1530; x_wconf 93' lang='grc' dir='ltr'>Ο.</span> <span class='ocrx_word' id='word_1_28' title='bbox 711 1464 748 1530; x_wconf 88' lang='lat' dir='ltr'>C.</span> <span class='ocrx_word' id='word_1_29' title='bbox 784 1487 812 1530; x_wconf 90' lang='lat' dir='ltr'>e.</span> <span class='ocrx_word' id='word_1_30' title='bbox 836 1487 871 1550; x_wconf 86' lang='lat' dir='ltr'>g.</span> <span class='ocrx_word' id='word_1_31' title='bbox 894 1489 943 1531; x_wconf 79' lang='lat' dir='ltr'>rs.</span> <span class='ocrx_word' id='word_1_32' title='bbox 969 1465 1057 1530; x_wconf 80' lang='lat'>1640</span> <span class='ocrx_word' id='word_1_33' title='bbox 1079 1464 1224 1551; x_wconf 88' lang='lat' dir='ltr'>optimus</span> <span class='ocrx_word' id='word_1_34' title='bbox 1247 1463 1351 1531; x_wconf 85' lang='lat' dir='ltr'>codex</span> 
     </span>
     <span class='ocr_line' id='line_1_6' title="bbox 218 1604 1350 1692; baseline 0.004 -23"><span class='ocrx_word' id='word_1_35' title='bbox 218 1605 325 1670; x_wconf 88' lang='lat' dir='ltr'>habet</span> <span class='ocrx_word' id='word_1_36' title='bbox 354 1604 474 1684; x_wconf 62' lang='grc' dir='ltr'>φέρειν,</span> <span class='ocrx_word' id='word_1_37' title='bbox 502 1604 689 1672; x_wconf 88' lang='lat' dir='ltr'>deteriores</span> <span class='ocrx_word' id='word_1_38' title='bbox 718 1605 808 1686; x_wconf 67' lang='grc' dir='ltr'><em>φρενί</em></span> <span class='ocrx_word' id='word_1_39' title='bbox 829 1606 959 1691; x_wconf 88' lang='lat' dir='ltr'>(natum</span> <span class='ocrx_word' id='word_1_40' title='bbox 983 1631 1025 1673; x_wconf 83' lang='lat' dir='ltr'>ex</span> <span class='ocrx_word' id='word_1_41' title='bbox 1046 1607 1181 1692; x_wconf 70' lang='grc' dir='ltr'>φρενει);</span> <span class='ocrx_word' id='word_1_42' title='bbox 1204 1608 1241 1672; x_wconf 99' lang='lat' dir='ltr'>in</span> <span class='ocrx_word' id='word_1_43' title='bbox 1264 1609 1350 1674; x_wconf 88' lang='lat' dir='ltr'>cius·</span> 
     </span>
     <span class='ocr_line' id='line_1_7' title="bbox 218 1746 1350 1838; baseline 0.005 -26"><span class='ocrx_word' id='word_1_44' title='bbox 218 1746 295 1812; x_wconf 90' lang='lat' dir='ltr'>dem</span> <span class='ocrx_word' id='word_1_45' title='bbox 326 1746 490 1814; x_wconf 79' lang='lat' dir='ltr'>dramatis</span> <span class='ocrx_word' id='word_1_46' title='bbox 520 1772 570 1814; x_wconf 89' lang='lat' dir='ltr'>vs.</span> <span class='ocrx_word' id='word_1_47' title='bbox 601 1749 669 1814; x_wconf 75' lang='lat'>204</span> <span class='ocrx_word' id='word_1_48' title='bbox 697 1772 759 1836; x_wconf 90' lang='lat' dir='ltr'>pro</span> <span class='ocrx_word' id='word_1_49' title='bbox 792 1749 981 1816; x_wconf 86' lang='lat' dir='ltr'>necessario</span> <span class='ocrx_word' id='word_1_50' title='bbox 1015 1749 1063 1822; x_wconf 83' lang='grc' dir='ltr'>τίς</span> <span class='ocrx_word' id='word_1_51' title='bbox 1097 1748 1176 1828; x_wconf 68' lang='grc' dir='ltr'>ἔφυς</span> <span class='ocrx_word' id='word_1_52' title='bbox 1204 1751 1350 1838; x_wconf 89' lang='lat' dir='ltr'>optimus</span> 
     </span>
     <span class='ocr_line' id='line_1_8' title="bbox 218 1887 1350 1982; baseline 0.004 -28"><span class='ocrx_word' id='word_1_53' title='bbox 218 1890 323 1954; x_wconf 80' lang='lat' dir='ltr'>codex</span> <span class='ocrx_word' id='word_1_54' title='bbox 351 1893 493 1976; x_wconf 79' lang='lat' dir='ltr'>praebet</span> <span class='ocrx_word' id='word_1_55' title='bbox 522 1888 571 1960; x_wconf 78' lang='grc' dir='ltr'>τίς</span> <span class='ocrx_word' id='word_1_56' title='bbox 601 1891 629 1952; x_wconf 79' lang='grc' dir='ltr'>ε’</span> <span class='ocrx_word' id='word_1_57' title='bbox 661 1887 737 1969; x_wconf 68' lang='grc' dir='ltr'>ἔφυ,</span> <span class='ocrx_word' id='word_1_58' title='bbox 768 1890 857 1978; x_wconf 89' lang='lat' dir='ltr'>quod</span> <span class='ocrx_word' id='word_1_59' title='bbox 885 1891 953 1957; x_wconf 88' lang='lat' dir='ltr'>iam</span> <span class='ocrx_word' id='word_1_60' title='bbox 976 1893 1125 1959; x_wconf 84' lang='lat' dir='ltr'>correxit</span> <span class='ocrx_word' id='word_1_61' title='bbox 1146 1893 1268 1977; x_wconf 88' lang='lat' dir='ltr'>Schol,</span> <span class='ocrx_word' id='word_1_62' title='bbox 1291 1895 1350 1982; x_wconf 93' lang='lat' dir='ltr'>qui</span> 
     </span>
     <span class='ocr_line' id='line_1_9' title="bbox 218 2030 1351 2123; baseline 0 -24"><span class='ocrx_word' id='word_1_63' title='bbox 218 2033 378 2099; x_wconf 82' lang='lat' dir='ltr'>adnotat:</span> <span class='ocrx_word' id='word_1_64' title='bbox 408 2031 525 2112; x_wconf 59' lang='grc' dir='ltr'>γράφε·</span> <span class='ocrx_word' id='word_1_65' title='bbox 555 2032 603 2104; x_wconf 83' lang='grc' dir='ltr'>τίς</span> <span class='ocrx_word' id='word_1_66' title='bbox 626 2030 715 2111; x_wconf 68' lang='grc' dir='ltr'><strong><em>ἔφυς.</em></strong></span> <span class='ocrx_word' id='word_1_67' title='bbox 738 2033 795 2100; x_wconf 87' lang='lat' dir='ltr'>Sic</span> <span class='ocrx_word' id='word_1_68' title='bbox 820 2034 929 2101; x_wconf 85' lang='lat' dir='ltr'>Schol.</span> <span class='ocrx_word' id='word_1_69' title='bbox 954 2034 999 2101; x_wconf 85' lang='lat' dir='ltr'>ad</span> <span class='ocrx_word' id='word_1_70' title='bbox 1021 2035 1079 2101; x_wconf 77' lang='lat' dir='ltr'>Al.</span> <span class='ocrx_word' id='word_1_71' title='bbox 1103 2038 1169 2102; x_wconf 83' lang='lat'>815</span> <span class='ocrx_word' id='word_1_72' title='bbox 1192 2060 1253 2123; x_wconf 90' lang='lat' dir='ltr'>pro</span> <span class='ocrx_word' id='word_1_73' title='bbox 1276 2036 1351 2100; x_wconf 60' lang='grc' dir='ltr'><em>ἱέναι</em></span> 
     </span>
     <span class='ocr_line' id='line_1_10' title="bbox 218 2171 1348 2265; baseline 0.003 -23"><span class='ocrx_word' id='word_1_74' title='bbox 218 2200 280 2264; x_wconf 91' lang='lat' dir='ltr'>per</span> <span class='ocrx_word' id='word_1_75' title='bbox 309 2199 457 2242; x_wconf 90' lang='lat' dir='ltr'>errorem</span> <span class='ocrx_word' id='word_1_76' title='bbox 486 2176 623 2263; x_wconf 86' lang='lat' dir='ltr'>scripsit</span> <span class='ocrx_word' id='word_1_77' title='bbox 652 2171 743 2250; x_wconf 74' lang='grc' dir='ltr'><em>εἷνννς</em></span> <span class='ocrx_word' id='word_1_78' title='bbox 774 2178 812 2243; x_wconf 95' lang='lat' dir='ltr'>in</span> <span class='ocrx_word' id='word_1_79' title='bbox 845 2178 962 2244; x_wconf 86' lang='lat' dir='ltr'>eadem</span> <span class='ocrx_word' id='word_1_80' title='bbox 996 2179 1116 2244; x_wconf 88' lang='lat' dir='ltr'>fabula</span> <span class='ocrx_word' id='word_1_81' title='bbox 1149 2179 1212 2264; x_wconf 77' lang='lat' dir='ltr'>(vs,</span> <span class='ocrx_word' id='word_1_82' title='bbox 1249 2181 1348 2265; x_wconf 79' lang='lat'>1087)</span> 
     </span>
     <span class='ocr_line' id='line_1_11' title="bbox 218 2315 1350 2410; baseline 0.004 -28"><span class='ocrx_word' id='word_1_83' title='bbox 218 2319 302 2400; x_wconf 69' lang='grc' dir='ltr'><em>ἕρπει</em></span> <span class='ocrx_word' id='word_1_84' title='bbox 333 2315 505 2398; x_wconf 53' lang='lat' dir='ltr'>sufflati}</span> <span class='ocrx_word' id='word_1_85' title='bbox 533 2322 635 2381; x_wconf 73' lang='grc' dir='ltr'><em>τιῦτεε</em></span> <span class='ocrx_word' id='word_1_86' title='bbox 665 2343 726 2406; x_wconf 88' lang='lat' dir='ltr'>pro</span> <span class='ocrx_word' id='word_1_87' title='bbox 753 2317 837 2400; x_wconf 63' lang='grc' dir='ltr'><em>ἕρπει</em></span> <span class='ocrx_word' id='word_1_88' title='bbox 859 2321 976 2406; x_wconf 86' lang='lat' dir='ltr'>legere</span> <span class='ocrx_word' id='word_1_89' title='bbox 998 2321 1115 2387; x_wconf 85' lang='lat' dir='ltr'>malim</span> <span class='ocrx_word' id='word_1_90' title='bbox 1137 2321 1238 2401; x_wconf 66' lang='grc' dir='ltr'><em>ῥέπει,</em></span> <span class='ocrx_word' id='word_1_91' title='bbox 1261 2321 1350 2410; x_wconf 90' lang='lat' dir='ltr'>quod</span> 
     </span>
     <span class='ocr_line' id='line_1_12' title="bbox 218 2461 1349 2533; baseline 0.004 -5"><span class='ocrx_word' id='word_1_92' title='bbox 218 2486 306 2528; x_wconf 88' lang='lat' dir='ltr'>nune</span> <span class='ocrx_word' id='word_1_93' title='bbox 328 2461 427 2529; x_wconf 82' lang='lat' dir='ltr'>video</span> <span class='ocrx_word' id='word_1_94' title='bbox 449 2462 517 2527; x_wconf 91' lang='lat' dir='ltr'>iam</span> <span class='ocrx_word' id='word_1_95' title='bbox 540 2484 562 2527; x_wconf 89' lang='lat' dir='ltr'>a</span> <span class='ocrx_word' id='word_1_96' title='bbox 584 2462 737 2530; x_wconf 85' lang='lat' dir='ltr'>Meklero</span> <span class='ocrx_word' id='word_1_97' title='bbox 759 2486 833 2530; x_wconf 89' lang='lat' dir='ltr'>esse</span> <span class='ocrx_word' id='word_1_98' title='bbox 855 2464 1053 2530; x_wconf 90' lang='lat' dir='ltr'>coniectum.</span> <span class='ocrx_word' id='word_1_99' title='bbox 1076 2464 1131 2530; x_wconf 88' lang='lat' dir='ltr'>El.</span> <span class='ocrx_word' id='word_1_100' title='bbox 1157 2466 1220 2530; x_wconf 87' lang='lat'>111</span> <span class='ocrx_word' id='word_1_101' title='bbox 1241 2466 1349 2533; x_wconf 87' lang='lat' dir='ltr'>verba</span> 
     </span>
     <span class='ocr_line' id='line_1_13' title="bbox 220 2603 1348 2694; baseline 0.001 -25"><span class='ocrx_word' id='word_1_102' title='bbox 220 2604 315 2669; x_wconf 73' lang='grc' dir='ltr'>πότνι’</span> <span class='ocrx_word' id='word_1_103' title='bbox 344 2603 406 2685; x_wconf 61' lang='grc' dir='ltr'>ἀεὶ</span> <span class='ocrx_word' id='word_1_104' title='bbox 437 2604 527 2692; x_wconf 88' lang='lat' dir='ltr'>apud</span> <span class='ocrx_word' id='word_1_105' title='bbox 557 2605 667 2672; x_wconf 84' lang='lat' dir='ltr'>Schol.</span> <span class='ocrx_word' id='word_1_106' title='bbox 699 2610 861 2694; x_wconf 88' lang='lat' dir='ltr'>corrupta</span> <span class='ocrx_word' id='word_1_107' title='bbox 883 2607 1024 2673; x_wconf 88' lang='lat' dir='ltr'>suntin</span> <span class='ocrx_word' id='word_1_108' title='bbox 1047 2606 1231 2674; x_wconf 88' lang='lat' dir='ltr'>absurdum</span> <span class='ocrx_word' id='word_1_109' title='bbox 1253 2607 1348 2671; x_wconf 70' lang='lat' dir='ltr'>ss&#39;rn&#39;</span> 
     </span>
     <span class='ocr_line' id='line_1_14' title="bbox 218 2746 1349 2838; baseline 0.004 -26"><span class='ocrx_word' id='word_1_110' title='bbox 218 2746 296 2827; x_wconf 60' lang='lat' dir='ltr'>aa,</span> <span class='ocrx_word' id='word_1_111' title='bbox 330 2747 411 2814; x_wconf 91' lang='lat' dir='ltr'>ibid.</span> <span class='ocrx_word' id='word_1_112' title='bbox 446 2771 535 2816; x_wconf 80' lang='lat' dir='ltr'>vers,</span> <span class='ocrx_word' id='word_1_113' title='bbox 568 2749 634 2814; x_wconf 82' lang='lat'>567</span> <span class='ocrx_word' id='word_1_114' title='bbox 667 2773 728 2837; x_wconf 87' lang='lat' dir='ltr'>pro</span> <span class='ocrx_word' id='word_1_115' title='bbox 760 2748 925 2825; x_wconf 76' lang='grc' dir='ltr'><em>ἐξεκίνησεν</em></span> <span class='ocrx_word' id='word_1_116' title='bbox 954 2751 1025 2818; x_wconf 88' lang='lat' dir='ltr'>cod</span> <span class='ocrx_word' id='word_1_117' title='bbox 1056 2750 1147 2838; x_wconf 85' lang='lat' dir='ltr'><strong>Aug.</strong></span> <span class='ocrx_word' id='word_1_118' title='bbox 1180 2755 1212 2819; x_wconf 91' lang='lat' dir='ltr'>b.</span> <span class='ocrx_word' id='word_1_119' title='bbox 1243 2751 1349 2818; x_wconf 87' lang='lat' dir='ltr'>habet</span> 
     </span>
     <span class='ocr_line' id='line_1_15' title="bbox 219 2889 1349 2981; baseline 0.007 -29"><span class='ocrx_word' id='word_1_120' title='bbox 219 2889 399 2965; x_wconf 78' lang='grc' dir='ltr'><em>ἐξενίκησεν,</em></span> <span class='ocrx_word' id='word_1_121' title='bbox 445 2895 612 2978; x_wconf 89' lang='lat' dir='ltr'>postremo</span> <span class='ocrx_word' id='word_1_122' title='bbox 655 2891 766 2959; x_wconf 89' lang='lat' dir='ltr'>Schol.</span> <span class='ocrx_word' id='word_1_123' title='bbox 810 2893 865 2958; x_wconf 88' lang='lat' dir='ltr'>El.</span> <span class='ocrx_word' id='word_1_124' title='bbox 909 2895 998 2959; x_wconf 83' lang='lat'><strong>1437</strong></span> <span class='ocrx_word' id='word_1_125' title='bbox 1029 2894 1255 2981; x_wconf 86' lang='lat' dir='ltr'>pulcherrime</span> <span class='ocrx_word' id='word_1_126' title='bbox 1288 2918 1349 2980; x_wconf 91' lang='lat' dir='ltr'>pro</span> 
     </span>
     <span class='ocr_line' id='line_1_16' title="bbox 218 3033 1019 3122; baseline 0.002 -22"><span class='ocrx_word' id='word_1_127' title='bbox 218 3033 349 3100; x_wconf 82' lang='lat' dir='ltr'>tradito</span> <span class='ocrx_word' id='word_1_128' title='bbox 370 3037 423 3095; x_wconf 74' lang='grc' dir='ltr'>τῶν</span> <span class='ocrx_word' id='word_1_129' title='bbox 446 3035 590 3102; x_wconf 89' lang='lat' dir='ltr'>coniecit</span> <span class='ocrx_word' id='word_1_130' title='bbox 612 3035 667 3098; x_wconf 68' lang='grc' dir='ltr'>ὦτί</span> <span class='ocrx_word' id='word_1_131' title='bbox 687 3036 951 3122; x_wconf 77' lang='lat' dir='ltr'>Papageorgius</span> <span class='ocrx_word' id='word_1_132' title='bbox 975 3076 1019 3082; x_wconf 96' lang='lat'><strong>—</strong></span> 
     </span>
    </p>

    <p class='ocr_par' dir='ltr' id='par_1_3' title="bbox 219 3174 1352 4408">
     <span class='ocr_line' id='line_1_17' title="bbox 264 3174 1350 3266; baseline 0.002 -24"><span class='ocrx_word' id='word_1_133' title='bbox 264 3174 349 3258; x_wconf 77' lang='lat' dir='ltr'>Sed,</span> <span class='ocrx_word' id='word_1_134' title='bbox 384 3181 424 3243; x_wconf 92' lang='lat' dir='ltr'>nt</span> <span class='ocrx_word' id='word_1_135' title='bbox 456 3183 631 3260; x_wconf 82' lang='lat' dir='ltr'>revertar,</span> <span class='ocrx_word' id='word_1_136' title='bbox 662 3177 752 3244; x_wconf 91' lang='lat' dir='ltr'>unde</span> <span class='ocrx_word' id='word_1_137' title='bbox 774 3179 949 3266; x_wconf 87' lang='lat' dir='ltr'>profectus</span> <span class='ocrx_word' id='word_1_138' title='bbox 971 3202 1062 3262; x_wconf 87' lang='lat' dir='ltr'>sum,</span> <span class='ocrx_word' id='word_1_139' title='bbox 1086 3177 1111 3242; x_wconf 72' lang='grc' dir='ltr'>θ</span> <span class='ocrx_word' id='word_1_140' title='bbox 1135 3183 1171 3245; x_wconf 87' lang='lat' dir='ltr'>et</span> <span class='ocrx_word' id='word_1_141' title='bbox 1195 3188 1223 3258; x_wconf 76' lang='grc' dir='ltr'>φ</span> <span class='ocrx_word' id='word_1_142' title='bbox 1246 3178 1350 3245; x_wconf 89' lang='lat' dir='ltr'>ctiam</span> 
     </span>
     <span class='ocr_line' id='line_1_18' title="bbox 219 3317 1349 3407; baseline 0.004 -24"><span class='ocrx_word' id='word_1_143' title='bbox 219 3317 471 3383; x_wconf 85' lang='lat' dir='ltr'>confunduntur</span> <span class='ocrx_word' id='word_1_144' title='bbox 500 3319 539 3384; x_wconf 90' lang='grc' dir='ltr'>Ο.</span> <span class='ocrx_word' id='word_1_145' title='bbox 563 3320 606 3384; x_wconf 90' lang='lat' dir='ltr'>R.</span> <span class='ocrx_word' id='word_1_146' title='bbox 627 3343 677 3386; x_wconf 82' lang='lat' dir='ltr'>vs</span> <span class='ocrx_word' id='word_1_147' title='bbox 702 3321 745 3385; x_wconf 83' lang='lat'>87</span> <span class='ocrx_word' id='word_1_148' title='bbox 774 3320 835 3385; x_wconf 92' lang='lat' dir='ltr'>ubi</span> <span class='ocrx_word' id='word_1_149' title='bbox 862 3319 1077 3402; x_wconf 89' lang='lat' dir='ltr'>Heimsoeth,</span> <span class='ocrx_word' id='word_1_150' title='bbox 1108 3320 1349 3407; x_wconf 82' lang='lat' dir='ltr'>plaudentibus</span> 
     </span>
     <span class='ocr_line' id='line_1_19' title="bbox 220 3461 1350 3553; baseline 0.004 -26"><span class='ocrx_word' id='word_1_151' title='bbox 220 3461 390 3542; x_wconf 74' lang='lat' dir='ltr'>omnibns,</span> <span class='ocrx_word' id='word_1_152' title='bbox 413 3485 455 3528; x_wconf 79' lang='lat' dir='ltr'>ex</span> <span class='ocrx_word' id='word_1_153' title='bbox 485 3462 620 3528; x_wconf 88' lang='lat' dir='ltr'>scholiis</span> <span class='ocrx_word' id='word_1_154' title='bbox 643 3487 704 3550; x_wconf 89' lang='lat' dir='ltr'>pro</span> <span class='ocrx_word' id='word_1_155' title='bbox 726 3463 851 3543; x_wconf 62' lang='lat' dir='ltr'>lv&#39;cQsp&#39;</span> <span class='ocrx_word' id='word_1_156' title='bbox 875 3464 1027 3551; x_wconf 87' lang='lat' dir='ltr'>reposuit</span> <span class='ocrx_word' id='word_1_157' title='bbox 1048 3462 1180 3545; x_wconf 40' lang='lat' dir='ltr'>alfar-0³.</span> <span class='ocrx_word' id='word_1_158' title='bbox 1215 3466 1350 3553; x_wconf 88' lang='lat' dir='ltr'>Optime</span> 
     </span>
     <span class='ocr_line' id='line_1_20' title="bbox 220 3603 1350 3692; baseline 0.001 -20"><span class='ocrx_word' id='word_1_159' title='bbox 220 3603 391 3687; x_wconf 83' lang='lat' dir='ltr'>videmus,</span> <span class='ocrx_word' id='word_1_160' title='bbox 424 3627 526 3692; x_wconf 87' lang='lat' dir='ltr'>quam</span> <span class='ocrx_word' id='word_1_161' title='bbox 558 3605 660 3671; x_wconf 86' lang='lat' dir='ltr'>facile</span> <span class='ocrx_word' id='word_1_162' title='bbox 695 3605 836 3672; x_wconf 86' lang='lat' dir='ltr'>litterae</span> <span class='ocrx_word' id='word_1_163' title='bbox 870 3603 894 3668; x_wconf 73' lang='grc'><strong>3</strong></span> <span class='ocrx_word' id='word_1_164' title='bbox 924 3610 960 3672; x_wconf 92' lang='lat' dir='ltr'>et</span> <span class='ocrx_word' id='word_1_165' title='bbox 983 3610 1010 3685; x_wconf 68' lang='grc' dir='ltr'>φ</span> <span class='ocrx_word' id='word_1_166' title='bbox 1034 3605 1285 3672; x_wconf 87' lang='lat' dir='ltr'>confundantur</span> <span class='ocrx_word' id='word_1_167' title='bbox 1308 3631 1350 3674; x_wconf 85' lang='lat' dir='ltr'>ex</span> 
     </span>
     <span class='ocr_line' id='line_1_21' title="bbox 221 3744 1351 3833; baseline 0.001 -23"><span class='ocrx_word' id='word_1_168' title='bbox 221 3744 305 3812; x_wconf 76' lang='lat' dir='ltr'>Ant.</span> <span class='ocrx_word' id='word_1_169' title='bbox 324 3769 374 3814; x_wconf 77' lang='lat' dir='ltr'>va.</span> <span class='ocrx_word' id='word_1_170' title='bbox 392 3747 454 3817; x_wconf 76' lang='lat'>40.</span> <span class='ocrx_word' id='word_1_171' title='bbox 473 3747 533 3811; x_wconf 91' lang='lat' dir='ltr'>ubi</span> <span class='ocrx_word' id='word_1_172' title='bbox 551 3747 588 3812; x_wconf 95' lang='lat' dir='ltr'>in</span> <span class='ocrx_word' id='word_1_173' title='bbox 612 3747 845 3815; x_wconf 84' lang='lat' dir='ltr'>Laurentiano</span> <span class='ocrx_word' id='word_1_174' title='bbox 863 3748 996 3833; x_wconf 86' lang='lat' dir='ltr'>legitur</span> <span class='ocrx_word' id='word_1_175' title='bbox 1018 3746 1118 3810; x_wconf 47' lang='lat' dir='ltr'>&gt;Aac</span> <span class='ocrx_word' id='word_1_176' title='bbox 1141 3748 1158 3822; x_wconf 73' lang='grc' dir='ltr'><em>ἢ</em></span> <span class='ocrx_word' id='word_1_177' title='bbox 1182 3746 1351 3812; x_wconf 58' lang='grc' dir='ltr'>θάπτωσι</span> 
     </span>
     <span class='ocr_line' id='line_1_22' title="bbox 223 3889 1349 3970; baseline 0.004 -16"><span class='ocrx_word' id='word_1_178' title='bbox 223 3912 298 3954; x_wconf 90' lang='lat' dir='ltr'>cum</span> <span class='ocrx_word' id='word_1_179' title='bbox 332 3891 431 3957; x_wconf 86' lang='lat' dir='ltr'>varia</span> <span class='ocrx_word' id='word_1_180' title='bbox 464 3891 609 3958; x_wconf 90' lang='lat' dir='ltr'>lectione</span> <span class='ocrx_word' id='word_1_181' title='bbox 632 3891 649 3966; x_wconf 75' lang='grc' dir='ltr'><em>ἢ</em></span> <span class='ocrx_word' id='word_1_182' title='bbox 672 3889 876 3970; x_wconf 63' lang='grc' dir='ltr'>’φέπτενννις</span> <span class='ocrx_word' id='word_1_183' title='bbox 900 3892 948 3958; x_wconf 90' lang='lat' dir='ltr'>sic</span> <span class='ocrx_word' id='word_1_184' title='bbox 970 3897 1108 3958; x_wconf 86' lang='lat' dir='ltr'>nostrae</span> <span class='ocrx_word' id='word_1_185' title='bbox 1130 3892 1268 3958; x_wconf 88' lang='lat' dir='ltr'>fabulae</span> <span class='ocrx_word' id='word_1_186' title='bbox 1298 3915 1349 3959; x_wconf 79' lang='lat' dir='ltr'>vs,</span> 
     </span>
     <span class='ocr_line' id='line_1_23' title="bbox 225 4033 1350 4122; baseline 0.004 -24"><span class='ocrx_word' id='word_1_187' title='bbox 225 4035 311 4100; x_wconf 86' lang='grc'><strong>1360</strong></span> <span class='ocrx_word' id='word_1_188' title='bbox 344 4059 404 4122; x_wconf 91' lang='lat' dir='ltr'>pro</span> <span class='ocrx_word' id='word_1_189' title='bbox 438 4033 549 4106; x_wconf 68' lang='grc' dir='ltr'>Ξθλνες</span> <span class='ocrx_word' id='word_1_190' title='bbox 587 4036 690 4121; x_wconf 78' lang='lat' dir='ltr'>vulgo</span> <span class='ocrx_word' id='word_1_191' title='bbox 725 4059 766 4101; x_wconf 84' lang='lat' dir='ltr'>cx</span> <span class='ocrx_word' id='word_1_192' title='bbox 799 4035 974 4102; x_wconf 86' lang='lat' dir='ltr'>Erfurdtii</span> <span class='ocrx_word' id='word_1_193' title='bbox 1007 4036 1202 4103; x_wconf 88' lang='lat' dir='ltr'>coniectura</span> <span class='ocrx_word' id='word_1_194' title='bbox 1235 4036 1350 4102; x_wconf 86' lang='lat' dir='ltr'>editur</span> 
     </span>
     <span class='ocr_line' id='line_1_24' title="bbox 223 4173 1351 4266; baseline 0.005 -28"><span class='ocrx_word' id='word_1_195' title='bbox 223 4173 334 4249; x_wconf 52' lang='lat' dir='ltr'>aasz„</span> <span class='ocrx_word' id='word_1_196' title='bbox 364 4178 588 4264; x_wconf 88' lang='lat' dir='ltr'>praetulerim</span> <span class='ocrx_word' id='word_1_197' title='bbox 617 4177 797 4262; x_wconf 88' lang='lat' dir='ltr'>leniorem,</span> <span class='ocrx_word' id='word_1_198' title='bbox 823 4178 1029 4266; x_wconf 84' lang='lat' dir='ltr'>eandemque</span> <span class='ocrx_word' id='word_1_199' title='bbox 1053 4178 1218 4266; x_wconf 88' lang='lat' dir='ltr'>aptiorem</span> <span class='ocrx_word' id='word_1_200' title='bbox 1241 4202 1351 4245; x_wconf 90' lang='lat' dir='ltr'>emen·</span> 
     </span>
     <span class='ocr_line' id='line_1_25' title="bbox 224 4317 1352 4408; baseline 0.004 -25"><span class='ocrx_word' id='word_1_201' title='bbox 224 4317 394 4384; x_wconf 89' lang='lat' dir='ltr'>dationem</span> <span class='ocrx_word' id='word_1_202' title='bbox 429 4319 635 4385; x_wconf 83' lang='lat' dir='ltr'>Schmelzcri</span> <span class='ocrx_word' id='word_1_203' title='bbox 669 4317 801 4398; x_wconf 67' lang='grc' dir='ltr'>ἂῼιλες,</span> <span class='ocrx_word' id='word_1_204' title='bbox 836 4343 937 4408; x_wconf 90' lang='lat' dir='ltr'>quem</span> <span class='ocrx_word' id='word_1_205' title='bbox 964 4319 1053 4386; x_wconf 89' lang='lat' dir='ltr'>vide.</span> <span class='ocrx_word' id='word_1_206' title='bbox 1085 4321 1232 4407; x_wconf 85' lang='lat' dir='ltr'>Legitur</span> <span class='ocrx_word' id='word_1_207' title='bbox 1262 4322 1352 4388; x_wconf 90' lang='lat' dir='ltr'>enim</span> 
     </span>
    </p>
   </div>
   <div class='ocr_carea' id='block_1_3' title="bbox 225 4460 1350 4548">
    <p class='ocr_par' dir='ltr' id='par_1_4' title="bbox 225 4460 1350 4548">
     <span class='ocr_line' id='line_1_26' title="bbox 225 4460 1350 4548; baseline -0.001 -22"><span class='ocrx_word' id='word_1_208' title='bbox 225 4460 315 4547; x_wconf 82' lang='lat' dir='ltr'>apud</span> <span class='ocrx_word' id='word_1_209' title='bbox 348 4461 544 4548; x_wconf 85' lang='lat' dir='ltr'>Sophoclem</span> <span class='ocrx_word' id='word_1_210' title='bbox 578 4465 626 4524; x_wconf 72' lang='grc' dir='ltr'>νῦν</span> <span class='ocrx_word' id='word_1_211' title='bbox 658 4460 799 4534; x_wconf 66' lang='grc' dir='ltr'>δ’ὶθλεες</span> <span class='ocrx_word' id='word_1_212' title='bbox 836 4463 895 4539; x_wconf 85' lang='grc' dir='ltr'>μέν</span> <span class='ocrx_word' id='word_1_213' title='bbox 930 4463 1005 4541; x_wconf 77' lang='grc' dir='ltr'><em>εἰμ’,</em></span> <span class='ocrx_word' id='word_1_214' title='bbox 1044 4463 1164 4527; x_wconf 66' lang='lat' dir='ltr'>stawles</span> <span class='ocrx_word' id='word_1_215' title='bbox 1192 4465 1226 4527; x_wconf 79' lang='grc' dir='ltr'>δὲ</span> <span class='ocrx_word' id='word_1_216' title='bbox 1257 4471 1350 4536; x_wconf 67' lang='grc' dir='ltr'><strong><em>ταῖς,</em></strong></span> 
     </span>
    </p>
   </div>
   <div class='ocr_carea' id='block_1_4' title="bbox 224 4601 1352 4696">
    <p class='ocr_par' dir='ltr' id='par_1_5' title="bbox 224 4601 1352 4696">
     <span class='ocr_line' id='line_1_27' title="bbox 224 4601 1352 4696; baseline 0.007 -31"><span class='ocrx_word' id='word_1_217' title='bbox 224 4601 283 4689; x_wconf 90' lang='lat' dir='ltr'>qui</span> <span class='ocrx_word' id='word_1_218' title='bbox 318 4607 432 4670; x_wconf 84' lang='lat' dir='ltr'>antem</span> <span class='ocrx_word' id='word_1_219' title='bbox 465 4603 558 4670; x_wconf 87' lang='lat' dir='ltr'>filius</span> <span class='ocrx_word' id='word_1_220' title='bbox 588 4608 642 4670; x_wconf 89' lang='lat' dir='ltr'>est</span> <span class='ocrx_word' id='word_1_221' title='bbox 662 4611 844 4693; x_wconf 87' lang='lat' dir='ltr'>parentum</span> <span class='ocrx_word' id='word_1_222' title='bbox 865 4605 1042 4694; x_wconf 90' lang='lat' dir='ltr'>impiorum</span> <span class='ocrx_word' id='word_1_223' title='bbox 1065 4607 1134 4672; x_wconf 91' lang='lat' dir='ltr'>iam</span> <span class='ocrx_word' id='word_1_224' title='bbox 1155 4630 1217 4696; x_wconf 89' lang='lat' dir='ltr'>per</span> <span class='ocrx_word' id='word_1_225' title='bbox 1239 4631 1276 4674; x_wconf 89' lang='lat' dir='ltr'>se</span> <span class='ocrx_word' id='word_1_226' title='bbox 1299 4611 1352 4675; x_wconf 88' lang='lat' dir='ltr'>est</span> 
     </span>
    </p>
   </div>
   <div class='ocr_carea' id='block_1_5' title="bbox 0 0 1744 5536">
    <p class='ocr_par' dir='ltr' id='par_1_6' title="bbox 0 0 1744 5536">
     <span class='ocr_line' id='line_1_28' title="bbox 0 0 1744 5536; baseline 0 0"><span class='ocrx_word' id='word_1_227' title='bbox 0 0 1744 5536; x_wconf 95' lang='lat' dir='ltr'> </span> 
     </span>
    </p>
   </div>
  </div>
 </body>
</html>
