3490 5540
754 791 837 866 87Ι

217 1001 326 1087 igitur
338 1001 481 1086 vulgata
493 1001 672 1084 retinetur,
691 1001 791 1063 ἄκων
816 1000 932 1078 ἔδρων
951 1000 1131 1087 opponitur
1149 1004 1189 1080 τῷ
1212 1001 1345 1064 πέσσω

217 1142 340 1221 φέρω,
365 1141 457 1206 ἄνευ
481 1141 610 1222 φόβου
631 1145 746 1209 autem
765 1142 946 1230 respondet
968 1140 1034 1216 ξὺν
1053 1141 1222 1222 φόβσισι
1244 1144 1343 1227 (585).

260 1286 497 1352 Coniecturam
518 1288 604 1350 ὀκνεῖν
626 1288 744 1352 contra
765 1285 964 1351 confirmare
986 1285 1124 1352 videtur
1154 1287 1238 1352 Eur.
1262 1287 1345 1375 Hip-

216 1430 281 1516 pol.
317 1430 537 1495 1019—1020
567 1426 695 1500 κίνδυνός
716 1428 832 1491 σ’ἆσὼν
856 1426 867 1515 Ι
891 1427 1013 1508 κρείσσω
1037 1428 1143 1493 δίδωσι
1164 1439 1218 1504 τῆς
1240 1453 1343 1510 rapar-

216 1571 293 1644 νίδσς
316 1570 425 1652 χάριν,
457 1572 517 1638 ubi
546 1571 728 1659 Euripides
759 1572 875 1660 procul
898 1571 999 1638 dnbio
1022 1572 1063 1639 de
1086 1577 1204 1640 nostra
1225 1574 1345 1641 fabula

216 1715 391 1802 cogitavit.
422 1712 550 1785 κίνδυνός
573 1713 689 1777 ram
709 1718 823 1780 autem
847 1715 1020 1801 signifieat
1042 1717 1076 1778 τὸ
1101 1717 1143 1792 μὴ
1168 1720 1267 1780 ὅκνεῖν.
1302 1718 1345 1783 In

214 1857 341 1939 fabula,
365 1867 459 1945 quae*
476 1856 603 1923 dicitur
625 1857 697 1940 Ion,
717 1861 890 1943 tyrannus
908 1865 1073 1924 narratur
1091 1859 1199 1925 vitam
1220 1859 1344 1945 degere

215 1999 352 2072 δεδωκὼς
374 1999 427 2063 κωὶ
450 1998 643 2080 περιβλέπων
666 1998 739 2075 βίων
761 2002 823 2081 (νε.
848 2000 937 2083 624).

259 2287 329 2353 Ad
362 2313 384 2355 v
397 2310 422 2353 s.
458 2287 548 2353 597.

395 2433 443 2492 νῦν
465 2431 543 2492 nior
567 2428 683 2510 χωίρω,
707 2433 755 2492 νῦν
776 2453 819 2505 με
843 2432 906 2500 mic
929 2427 1125 2507 ἀσπάζεται,

394 2575 441 2634 νῦν
463 2572 489 2634 οἱ
511 2569 603 2634 σέθεν
625 2568 788 2652 χρῄζοντες
819 2571 1040 2634 ἐκκωλσῦσί
1067 2592 1120 2647 με·

260 2718 482 2784 Halbertsma
521 2739 583 2804 pro
622 2717 701 2778 πᾶσι
736 2713 833 2795 χαίρω
869 2714 1013 2780 coniecit
1045 2717 1109 2787 πῶς
1144 2715 1275 2808 tacturi,
1311 2741 1344 2784 v.

216 2859 428 2928 Herwerden
450 2861 514 2930 σΞς
536 2859 572 2934 μ’
597 2859 723 2921 ε’σωωεῑ.

260 3004 304 3068 In
332 3027 435 3070 versu
465 3001 620 3090 sequenti
649 3001 821 3085 Wunder,
856 3026 888 3067 v.
919 3000 1149 3084 Herwerden,
1180 3000 1344 3083 Dindorf,

216 3147 385 3234 Blaydes,
420 3145 600 3214 Wecklein
634 3144 804 3232 recipiunt
834 3141 1094 3214 κῖκσὶλλσωσι,
1119 3143 1345 3210 coniecturam

216 3287 423 3374 ulusgravii,
458 3288 518 3376 qui
550 3293 665 3354 tamen
687 3287 760 3374 ipse
783 3286 940 3352 adnotat:
968 3285 1056 3368 ,fuit
1079 3285 1182 3351 etiam
1205 3308 1279 3351 cum
1303 3284 1344 3350 de

216 3429 396 3493 :cirenem
419 3430 621 3516 cogitarem,
646 3428 706 3496 sed
727 3428 909 3495 videbatur
933 3450 974 3494 ea
997 3450 1061 3496 vox
1080 3431 1215 3515 turpem
1232 3427 1345 3515 potius

217 3574 495 3656 assentationem,
519 3594 620 3660 quam
641 3572 817 3638 honestam
839 3571 1040 3658 petitionem
1063 3569 1288 3656 significare.”

262 3716 360 3798 Quod
393 3719 506 3783 autem
541 3714 715 3782 contendit
748 3714 898 3780 Dindorf
929 3715 1067 3776 ἐκκκλεΐν
1110 3718 1146 3780 et
1186 3710 1345 3776 ωἱκσὶλλειν

218 3859 412 3950 saepissime
455 3856 630 3940 confundi,
666 3856 756 3943 apud
790 3856 985 3944 Sophoclem
1019 3855 1149 3921 nullam
1178 3877 1346 3946 ¹umquam

217 4001 406 4069 huiusmodi
423 4000 539 4067 inveni
562 3999 796 4082 confusionem,
816 4021 925 4086 neque
944 3997 1027 4062 mihi
1044 3997 1215 4085 persuasit
1226 3997 1345 4063 unicus

216 4146 321 4229 loeus,
357 4166 456 4230 quem
487 4141 611 4209 citavit
644 4140 746 4206 Dind.
781 4140 864 4206 Luc.
900 4139 972 4207 scil.
1015 4138 1157 4227 Lexiph.
1193 4140 1252 4222 10,
1287 4138 1346 4204 ubi

218 4286 381 4356 vocabula
405 4284 547 4348 ἕκαὶλει
570 4277 646 4347 δ’σῦν
668 4307 710 4359 με
732 4281 863 4357 τοῦνομα
886 4287 980 4350 recte
1001 4281 1198 4363 sehabent,
1218 4279 1345 4347 coniec-

218 4435 298 4498 tura
321 4433 435 4496 autem
458 4425 601 4490 αἰκάλλει
625 4425 740 4514 paucis
762 4425 920 4513 placebit.

251 4573 372 4655 Schol,
381 4572 439 4659 qui
447 4571 591 4638 adnotat
598 4564 766 4632 ἐκκωλοῦσι·
780 4563 975 4649 σρωικλσῦσω
985 4568 1163 4655 vulgatam
1172 4569 1240 4636 iam
1246 4564 1344 4650 legit.
