3490 5540
780 828 844 896 129

382 1023 617 1104 *κιιτεύχιμιιι
648 1024 682 1088 δὲ
712 1025 762 1088 ‘riu
792 1025 959 1106 δεδρακότ’,
993 1025 1054 1088 εἴτε
1086 1049 1134 1096 τις

416 1165 459 1240 εἷς
484 1169 519 1232 ὢν
543 1166 675 1242 λέληθεν
698 1168 761 1232 εἴτε
784 1167 922 1232 πλειόνων
946 1167 1049 1244 μέτιι,

414 1313 504 1375 κακὸν
527 1316 625 1384 κιικῶς
650 1335 690 1374 νιν
713 1309 823 1392 ἄμιριν
846 1311 989 1390 ἕκτρῖψιιι
1013 1309 1087 1386 Rieu·

405 1451 581 1532 ἐπεύχομαι
605 1453 643 1525 δ’,
666 1451 783 1516 οἴκοισιν
808 1453 834 1516 εἶ
857 1451 1007 1528 ξυιέττιις

405 1596 434 1658 ἕν
461 1601 522 1668 ταῖς
546 1596 630 1672 ε’μιῑς
651 1595 760 1673 γένοιτ’
785 1595 858 1671 ἕμιῖι
881 1593 1064 1670 ξυνειδότος,

404 1735 519 1801 waiteis
553 1735 632 1819 ἅπερ
667 1737 760 1800 τοῖσδ’
797 1737 904 1819 ἀρτίως
938 1737 1114 1819 ἠρασάμην,

248 1903 329 1968 quos
359 1903 477 1948 versus
508 1880 663 1947 Ribbeck
685 1882 897 1968 transposuit
918 1888 994 1968 post
1017 1905 1066 1949 vs.
1091 1882 1166 1948 272.
1200 1881 1379 1968 Sagaeiter

248 2023 422 2110 perspexit
445 2046 477 2089 v.
497 2023 666 2090 Leeuwen
685 2047 734 2090 vs.
754 2023 928 2109 laudatos,
946 2007 1053 2112 prinio
1065 2024 1214 2104 omissos,
1228 2028 1379 2112 posteaa

248 2165 440 2250 maffl‘stello
463 2165 499 2230 in
521 2165 683 2233 inferiore
700 2165 855 2251 margine
875 2167 1008 2233 additos
1027 2190 1109 2234 esse.
1130 2166 1203 2233 Fol.
1217 2167 1314 2234 Reet.
1327 2168 1379 2235 IV

250 2308 365 2396 itaque
395 2307 599 2395 legebantur
629 2332 697 2376 vss,
732 2309 909 2374 224-245
943 2312 979 2375 et
1012 2309 1205 2392 252-272,
1242 2309 1277 2390 in
1311 2310 1378 2376 fine

249 2420 395 2540 paginae
416 2457 530 2519 autem
548 2456 667 2539 postea
691 2450 905 2545 addebantur
929 2474 1047 2520 versus
1070 2472 1174 2539 supra
1198 2451 1376 2539 exscripti,

249 2595 323 2683 qui,
358 2594 511 2661 Fortuna
545 2594 706 2677 adversa,
738 2615 759 2659 a
790 2594 945 2680 sequenti
973 2592 1167 2678 magistello
1198 2591 1379 2678 coniunge-

250 2737 375 2804 bantur
409 2760 484 2804 eum
517 2761 583 2804 vss.
609 2736 795 2818 224-245,
827 2758 866 2800 re
898 2757 981 2803 vera
1005 2738 1119 2800 autem
1140 2738 1217 2821 post
1240 2758 1289 2801 vs.
1313 2735 1378 2800 272

251 2883 351 2946 erant
377 2879 533 2947 addendi.

294 3165 364 3232 Ad
397 3190 457 3234 vs.
493 3165 594 3230 273:

406 3307 476 3384 ὑμῖν
500 3306 533 3369 δὲ
556 3311 618 3378 τοῖς
642 3307 765 3368 ἄλλοισι
792 3303 972 3382 Καδμείοις,
996 3301 1071 3375 tusce
1094 3302 1147 3366 κτὲ

296 3451 384 3520 Vide
415 3450 587 3518 tabellam.
618 3448 660 3515 V.
684 3448 866 3514 Jernstedt
887 3448 1048 3535 probatus
1072 3469 1093 3511 a
1115 3445 1269 3512 Nauckio
1292 3444 1380 3529 legit

250 3603 311 3668 τοῖς
341 3597 370 3659 τ’
402 3594 531 3658 ἄλλοισι.
562 3592 725 3658 Praestat
754 3591 902 3658 fortasse
934 3612 1009 3656 cum
1032 3588 1099 3655 alio
1123 3587 1241 3653 critico
1264 3586 1380 3673 legere

252 3738 416 3816 Καδμείοις
439 3735 484 3809 θ’,
507 3734 592 3808 ὅσοις.

296 3879 388 3947 Ante
411 3888 439 3944 0
461 3877 563 3944 facile
585 3885 613 3940 Θ
634 3899 695 3963 per
717 3873 997 3962 haplographiam
1020 3870 1132 3938 omitti
1153 3874 1297 3957 poterat.

297 4167 365 4234 Ad
398 4189 459 4235 ve.
494 4164 596 4231 294:

385 4309 402 4346 *
426 4307 498 4370 ἀλλ’
523 4305 603 4370 εἴτι
626 4305 683 4382 μὲν
708 4303 742 4376 δὴ
765 4301 964 4378 δείματος
985 4301 1017 4377 7⁸
1043 4298 1111 4378 ἔχει
1134 4297 1233 4379 μέρος.

296 4450 336 4516 L.
358 4451 403 4527 γ’,
426 4450 471 4515 Lc
494 4456 517 4511 Γ
541 4449 575 4513 Α
598 4449 638 4510 τ’.
661 4449 692 4522 γ’
717 4451 831 4513 autem
860 4443 962 4509 metri
993 4464 1095 4508 causa
1124 4440 1292 4555 additum·
1310 4460 1382 4504 esse

253 4591 407 4674 videtur,
431 4595 607 4680 postquam
631 4611 713 4654 vera
744 4587 846 4654 lectio
879 4583 1080 4662 δειμάτων
1112 4582 1211 4670 (quod
1241 4581 1383 4648 coniecit

1295 4690 1316 4755 9
