3490 5540
809 824 851 886 97

262 1039 330 1104 qua
375 1017 579 1084 correctione
618 1017 654 1082 in
694 1021 826 1084 textum
869 1017 1016 1084 admissa
1056 1018 1167 1084 omnia
1200 1018 1285 1083 hene
1320 1040 1393 1084 sese

261 1158 398 1225 habent.
429 1159 457 1245 ¹)

215 1376 228 1381 ‚
305 1299 353 1373 τί,
378 1301 466 1389 quod
488 1301 587 1368 hodie
606 1301 642 1367 in
662 1301 830 1368 codicibus
850 1300 996 1387 legitur,
1018 1300 1175 1367 relictum
1195 1324 1267 1368 esse
1279 1305 1392 1390 potest

261 1468 304 1510 ex
326 1445 488 1513 vocabulo
511 1442 661 1518 οὐκέτι,
685 1445 773 1533 quod
796 1444 1010 1529 magistellus
1029 1442 1140 1510 nescio
1160 1443 1251 1532 quis,
1269 1443 1390 1538 <luctus

260 1609 363 1654 versu
387 1588 541 1675 sequenti
561 1587 738 1673 (euulsisti
758 1585 885 1651 ἄθικτον
904 1581 968 1663 εἶμι
988 1586 1055 1670 κτὲ)
1074 1608 1134 1674 pro
1153 1585 1183 1648 οὐ
1203 1584 1388 1674 scripserit.
1509 1657 1513 1664 ,

259 1728 432 1795 Posterior
464 1729 643 1813 librarius,
680 1729 764 1796 duas
800 1751 975 1817 superesse
1010 1727 1165 1814 syllabas
1212 1749 1253 1794 ex
1287 1751 1389 1795 versu

260 1871 504 1960 antistrophico
537 1873 742 1958 intellegens
776 1895 836 1960 pro
872 1869 968 1934 οὐκέτι
1000 1869 1169 1936 scribebat
1191 1867 1231 1934 τί.
1263 1869 1390 1936 Eodem

260 2013 355 2079 modo
389 2015 491 2081 metri
524 2037 627 2082 causa
659 2038 719 2102 pro
755 2011 818 2077 ἔνθ’
854 2013 916 2099 (vs.
952 2014 1031 2098 878)
1067 2034 1142 2077 cum
1172 2009 1326 2078 Nauchio
1355 2016 1390 2078 et

258 2156 490 2225 Herwerdeno
522 2155 555 2222 ἵν’
588 2157 799 2224 scribendum
831 2179 903 2224 esse
928 2179 969 2222 ex
992 2179 1040 2223 vs.
1063 2156 1128 2221 868
1152 2152 1264 2236 (cislo
1289 2152 1399 2250 μόνΰς),

256 2302 365 2386 patet.
391 2298 446 2366 Sic
470 2299 573 2365 ctiam
597 2299 635 2366 Ο.
649 2299 691 2365 R.
717 2299 802 2364 1203
827 2321 901 2364 cum
920 2297 1107 2385 Blaydesio
1127 2320 1186 2386 pro
1210 2295 1304 2375 ἐμός
1323 2297 1388 2362 for-

257 2444 350 2508 tasse
373 2441 554 2528 legendum
578 2441 646 2508 erit
669 2439 748 2517 οὶμός
771 2440 833 2525 (τὸν
857 2438 905 2503 τόν
929 2440 1017 2506 enim
1035 2439 1165 2527 legitur
1176 2440 1213 2505 in
1225 2438 1387 2526 stropha).

305 2584 342 2651 Si
372 2589 490 2652 contra
519 2583 568 2667 τί,
600 2585 641 2651 de
672 2607 739 2672 qua
769 2607 807 2650 re
838 2573 972 2668 dubito,
998 2605 1115 2650 sanum
1138 2585 1207 2666 est,
1231 2604 1290 2670 pro
1315 2579 1387 2661 ἔρρει

257 2725 321 2811 (vs.
346 2727 423 2811 910)
457 2727 527 2812 legi
560 2730 674 2815 posset
708 2732 800 2798 νοσεῖ,
834 2727 922 2814 quod
952 2726 1150 2794 vocabulum
1174 2724 1329 2813 Sophocli
1352 2724 1388 2790 in

259 2868 390 2936 deliciis
424 2873 514 2952 erat,
541 2870 583 2936 cf.
606 2871 731 2960 Bosin
754 2870 776 2937 l.
801 2870 823 2936 l.
849 2893 905 2959 pg.
930 2871 1077 2952 94-97,
1103 2868 1156 2934 El.
1183 2869 1279 2934 1070.
1303 2867 1385 2935 Eur.

256 3011 295 3076 in
317 3011 404 3093 loco,
430 3033 529 3100 quem
552 3011 619 3077 iam
642 3034 745 3098 supra
766 3011 907 3080 laudavi
939 3011 1073 3094 (Troad.
1099 3011 1152 3093 27)
1176 3009 1260 3076 dicit
1283 3017 1391 3073 νοσεῖ

254 3151 298 3216 το)
320 3156 376 3216 τῶν
400 3151 477 3216 θεῶν
500 3153 565 3217 οὐδὲ
587 3151 744 3230 stuic-hat
768 3150 865 3217 θέλει.

302 3295 434 3362 Sufficit
458 3299 571 3362 autem
594 3318 654 3382 pro
677 3294 710 3358 τί
732 3317 891 3383 reponere
915 3295 962 3358 οὐ.
987 3293 1109 3361 Ultimi
1131 3316 1250 3362 versus
1262 3293 1384 3382 prioris

257 3437 415 3524 strophae
440 3441 475 3504 ct
499 3436 732 3524 antistrophac
754 3460 912 3525 magnam
936 3438 1069 3525 spirant
1088 3438 1334 3524 pietatem,ita
1345 3441 1385 3504 ut

255 3601 374 3646 versus
409 3581 673 3669 antistrophicus
707 3582 830 3648 fortius
865 3585 1016 3670 repetat,
1048 3581 1136 3670 quod
1165 3581 1233 3648 iam
1257 3582 1384 3649 dictum

257 3724 333 3786 erat
357 3721 392 3786 in
415 3744 518 3790 versu
540 3724 725 3811 strophico:
750 3723 854 3801 με’γοις
878 3725 906 3786 ἑο
923 3722 1035 3795 τούτοις
1054 3721 1142 3796 θεός,
1163 3723 1228 3788 οὐδὲ
1239 3723 1383 3803 γηράσκει

255 3863 347 3948 (871)
372 3833 413 3911 -σ-
439 3872 474 3932 et
503 3857 573 3928 Secu
605 3866 635 3928 οὐ
667 3864 746 3942 λήξω
778 3867 851 3950 τοτὲ
883 3864 1058 3947 τροοτοὶτοιν
1082 3865 1185 3946 ἴσχων.
1217 3866 1383 3933 Similiter

257 4008 362 4073 verba
384 4005 417 4070 τί
438 4007 490 4090 (οὐ)
515 4007 564 4070 δεῖ
578 4030 619 4083 με
638 4006 791 4088 scopulum
812 4010 900 4093 (896)
920 4009 1124 4096 respondent
1135 4008 1255 4076 ultimo
1267 4008 1382 4075 versui

254 4148 513 4238 antistrophico‚
550 4150 608 4216 ubi
643 4151 759 4217 eadem
792 4173 846 4216 res
881 4151 1007 4218 maiore
1041 4151 1210 4239 repetitur
1233 4150 1383 4236 emphasi

256 4288 331 4371 ἔρρει
363 4290 395 4354 δὲ
427 4290 468 4354 τὰ
500 4288 573 4354 θεῖοι
605 4293 666 4374 (vs,
699 4292 778 4376 910;
807 4291 980 4379 pulchrius
1016 4293 1051 4357 et
1073 4291 1196 4357 lortius
1220 4294 1272 4357 est
1295 4288 1383 4369 ἔρρεον

296 4546 323 4626 ¹)
344 4556 377 4602 τί
392 4552 484 4607 tumen
505 4549 603 4607 fortius
623 4553 666 4607 est
684 4549 796 4608 dictum.
