3466 5536
748 804 793 870 45

206 1000 323 1064 tamen
367 996 525 1074 ὑπεξελεῖν
559 999 740 1088 accipimus
776 999 1023 1087 significatione
1060 1002 1334 1090 „supprimere”,

206 1139 317 1205 minus
352 1144 432 1228 apic
465 1140 645 1208 cohaerere
676 1141 837 1210 videntur
860 1143 1025 1211 vocabulo
1047 1144 1223 1232 sequentia
1245 1145 1336 1216 σὺπὺς

206 1281 393 1357 καθ’σὺπνῦ,
425 1288 461 1352 et
490 1289 671 1374 praeterea
696 1309 757 1373 pro
782 1292 872 1374 pert.
901 1308 968 1353 eor.
989 1285 1142 1363 ὑπεξελεῖν
1165 1292 1335 1376 exspocta-

207 1449 319 1491 remus
341 1434 431 1514 part.
453 1450 564 1515 prees.

253 1568 374 1656 Itaque
396 1569 604 1636 tutissimum
626 1570 771 1638 fortasse
796 1571 864 1638 erit
883 1569 1054 1653 ὑπεξνννρεῖν
1072 1595 1147 1639 cum
1165 1571 1336 1660 plerisque

209 1710 396 1777 editoribus
432 1711 601 1799 explicere
647 1712 730 1795 „die
776 1713 1066 1800 (Sclbst)enklage
1100 1717 1175 1800 (nus
1211 1715 1337 1782 seinem

207 1853 349 1937 Innern)
382 1854 634 1922 hervorholen''
669 1855 711 1921 of.
747 1855 846 1943 Soph.
876 1855 919 1922 fr.
945 1858 1027 1940 690,
1050 1858 1138 1945 quod
1161 1857 1229 1924 iam
1252 1857 1336 1924 alibi

207 1995 366 2080 laudavi,
401 1991 422 2058 ὦ
454 2001 584 2074 γλῶσσαν
618 1997 772 2075 σιγήσασα
801 1998 850 2062 τὸν
873 1997 967 2061 πσλὺν
989 1997 1109 2081 χρόνον,
1135 1997 1147 2087 l
1172 2003 1235 2072 πῶς
1258 2000 1337 2075 δῆσαν

209 2138 306 2219 τλήσῃ
330 2140 452 2220 πρᾶγμ’
476 2137 690 2215 ὑπεξελεῖν
711 2139 799 2216 cocu
822 2140 950 2208 Athen.
973 2143 992 2207 I
1014 2164 1070 2230 pg.
1092 2143 1134 2208 33
1147 2166 1174 2209 c.
1194 2143 1336 2231 praebet

208 2283 388 2349 lectionem
422 2280 685 2358 ὑπεξελθεῖν,
717 2284 806 2372 quod
827 2289 942 2352 tamen
964 2308 1030 2351 non
1053 2288 1107 2351 est
1129 2285 1335 2371 urgendum,

142 2475 147 2481 -
209 2448 317 2512 neque
352 2449 427 2492 cum
459 2425 631 2492 Brunckio
663 2426 863 2494 mutandum
896 2427 934 2492 in
955 2424 1153 2503 ἐπεξελθεῖνε
1178 2428 1337 2494 similiter

210 2566 298 2632 enim
331 2567 394 2634 hoc
424 2590 552 2656 quoqne
575 2568 647 2636 loco
669 2569 705 2634 in
727 2593 793 2635 nno
816 2569 928 2636 codice
950 2593 1011 2658 pro
1034 2567 1186 2645 ὑπεξελών
1208 2570 1339 2656 legion

209 2704 386 2783 ὑπεξελθών
413 2731 462 2794 „a
481 2732 573 2776 mere
598 2710 703 2798 slip”.

254 2851 337 2918 Post
358 2852 424 2918 227
444 2855 558 2918 autem
576 2875 695 2920 versus
717 2853 881 2921 excidisse
899 2854 1037 2923 videtur
1053 2854 1201 2922 haesere
1213 2855 1337 2922 forma:
1357 2921 1361 2928 ,

214 2997 332 3060 ἀστοῖσι
367 2998 446 3060 πᾶσι
477 3034 519 3043 -
543 3020 560 3060 v
582 3034 626 3044 -
649 2994 796 3072 ἐπεξίτω.
830 3000 988 3085 totusque
1022 2997 1113 3064 locus
1147 2997 1208 3064 hoc
1243 2998 1339 3064 modo

211 3139 443 3206 restituendus
468 3139 550 3206 erit:
614 3187 617 3192 -

210 3281 345 3348 227κεί
368 3281 425 3358 μὲν
447 3263 613 3362 Φοβεῖπσιῖ,
636 3281 819 3360 πσὺπῖκλημ’
842 3279 995 3358 ὑπεξελὺν

212 3423 312 3490 2278
337 3421 475 3510 [ἀστοῖσι
497 3426 576 3487 πᾶσι
598 3424 682 3508 (dat.
707 3424 834 3506 comm.)
857 3463 900 3472 -
924 3449 941 3487 v
966 3464 1006 3471 —
1032 3423 1179 3512 ἐπεξίτω]
1209 3425 1237 3503 1)

305 3566 396 3639 σὺπὺς
418 3563 598 3631 καθ’σὺπσὺ·
621 3566 764 3631 πείσεπνιν
785 3566 847 3648 γὰρ
870 3566 948 3631 ἄλλο
970 3568 1028 3645 μὲν

300 3711 452 3792 ὑσπεργὲς
475 3710 573 3783 οὐδέν,
596 3718 654 3787 γῆς
675 3708 825 3774 δ’ὑπενσνν
847 3711 1007 3790 ἀσφαλής.

255 3852 278 3918 i.
303 3875 349 3920 e.:
375 3853 420 3920 Si
450 3853 634 3921 timidus
665 3857 750 3932 est,
781 3853 962 3918 omnium
997 3852 1158 3921 civium
1190 3853 1340 3940 gratia

212 3997 538 4065 accusationem
571 3997 804 4086 proferens
838 3997 932 4084 ipse
967 3996 1011 4062 in
1046 4018 1090 4063 se
1120 3995 1338 4065 invehat.’'

210 4144 292 4208 cett.

256 4365 283 4441 ¹)
303 4366 378 4422 Nnm
399 4368 492 4424 nmen
511 4365 674 4424 vocabulum
695 4366 804 4435 ἐπεξίτω
824 4367 897 4422 necte
917 4380 947 4422 se
966 4362 1343 4434 habeat,dubito.Graeonn1

208 4472 283 4532 enim
314 4475 357 4530 est
383 4475 492 4542 ἐπεξίτω
510 4476 588 4536 αὐτὸς
605 4475 703 4541 ἑαυτῷ,
728 4475 761 4529 ut
789 4472 850 4529 inre
880 4470 1035 4529 observavit
1063 4487 1089 4528 v.
1119 4468 1285 4527 Horwerden
1314 4467 1344 4525 in

208 4579 383 4638 adnotatione
403 4579 439 4638 ad
458 4579 487 4636 lc
507 4579 536 4650 L,
557 4579 605 4638 nbi
624 4579 658 4638 de
676 4578 828 4652 Hntungii
848 4578 908 4652 agit
927 4577 1092 4636 coniectura.
