3490 5540
438 999 518 1064 lure
539 1005 719 1086 praetcrea
738 998 1078 1067 Wolff-Bellermann
1097 999 1188 1066 inter
1208 998 1278 1066 alia
1297 999 1382 1065 haec
1401 1000 1532 1066 habent

395 1141 431 1206 in
455 1138 638 1228 appendice
663 1139 784 1207 critica
811 1140 928 1226 „scine
951 1141 1212 1229 urspriingliche
1236 1141 1441 1227 Bedeutnng
1463 1164 1531 1208 we·
1559 1113 1569 1130 ⁸

397 1282 495 1368 doln,
528 1282 713 1349 stucicheln
737 1282 887 1350 erweckt
911 1283 997 1350 auch
1020 1282 1127 1350 leieht
1151 1283 1250 1350 einen
1273 1283 1533 1351 veriichtlichen

400 1426 617 1506 Nebensinn,
651 1425 712 1493 der
734 1450 776 1492 zu
799 1449 941 1492 unsercr
965 1426 1074 1494 Stelle
1098 1426 1250 1493 schlecht
1271 1425 1399 1514 passt.”
1434 1425 1533 1492 Idem

396 1571 470 1636 fere
494 1568 668 1636 contendit
691 1569 714 1636 J
717 1569 797 1652 ebb,
821 1547 880 1657 qui
899 1572 1071 1656 comparat
1091 1567 1239 1635 Senecae
1260 1567 1422 1645 fabulam,
1443 1590 1532 1656 quae

398 1712 525 1779 dicitur
560 1711 708 1798 Oedipus
743 1712 803 1794 (vs
828 1712 924 1795 aab:
965 1711 1129 1796 „Solutus
1165 1733 1265 1778 onere
1294 1711 1407 1796 regio,
1432 1709 1533 1795 regni

398 1854 492 1921 bonis
505 1859 520 1936 s
532 1855 640 1937 fruor,
666 1853 846 1942 domusque
871 1853 995 1922 civium
1018 1857 1145 1921 coetu
1168 1847 1327 1940 61366,Ἦ
1350 1856 1532 1941 praeterea

399 1999 508 2064 citans
533 1996 679 2083 Chocph.
705 1997 770 2062 663
796 2000 832 2063 et
854 1996 936 2063 Eur.
962 1973 1085 2064 Bacch.
1111 1997 1184 2063 170.

444 2140 594 2208 Verbum
624 2137 783 2202 effusura
813 2162 921 2228 neque
946 2138 1035 2227 apud
1058 2138 1286 2226 Aeschylum,
1310 2160 1418 2226 neque
1442 2138 1533 2225 apud

401 2281 595 2371 Sophoclem
618 2281 763 2368 legitur;
790 2282 892 2348 semel
912 2281 948 2348 in
960 2282 1145 2368 tragoediis
1158 2281 1349 2364 invenitur,
1362 2281 1445 2346 Eur.
1459 2280 1531 2347 scil.

401 2425 509 2492 Andr.
553 2449 602 2494 vs,
645 2426 710 2490 630
753 2422 892 2500 ἕκβκλὼν
927 2423 1016 2504 ξίφος
1053 2423 1064 2512 s
1100 2423 1214 2504 Φίλκκί
1251 2422 1360 2498 ἐδέξω,
1395 2421 1533 2504 προδότιν

402 2567 608 2632 arnamar
642 2567 734 2642 κύνκ,
770 2569 827 2634 ubi
861 2571 976 2634 tamen
1010 2590 1131 2654 magno
1167 2589 1241 2633 cum
1264 2569 1534 2654 contemptuosi:

403 2713 540 2790 dictum.

447 2854 522 2921 Non
557 2855 684 2922 iniuria
717 2856 782 2922 Bos
817 2854 853 2920 in
882 2854 905 2921 l.
931 2854 954 2920 l.
977 2875 1032 2942 pg.
1057 2854 1101 2919 29
1137 2853 1312 2921 contendit
1335 2854 1535 2922 vocabulum

408 2998 562 3082 „canis'’‚
600 2998 727 3065 dictum
761 2997 802 3064 de
836 2998 968 3063 homine
1003 3019 1142 3083 magnas
1177 2997 1212 3062 in
1247 3019 1323 3062 eum
1352 3020 1535 3085 congerere

405 3140 636 3223 contumelias,
659 3140 700 3206 cf.
726 3139 881 3227 Rappold
904 3139 979 3224 ΙΙΙ,
1003 3141 1060 3223 23,
1084 3139 1239 3208 Wunder
1263 3139 1307 3206 ad
1331 3140 1369 3207 Ο.
1393 3142 1435 3208 R.
1449 3142 1533 3224 386,

405 3283 515 3349 Bothe
546 3283 679 3350 ibidem.
709 3282 764 3349 Sic
787 3281 854 3369 Ag.
877 3283 966 3350 1228
990 3283 1133 3369 legimus
1157 3291 1286 3360 μισητῆς
1308 3283 1408 3367 κυνός,
1433 3284 1533 3372 Soph.

405 3427 472 3511 l'rg.
508 3426 573 3491 aba
602 3423 675 3488 κύων
705 3422 893 3505 arcidamus,
924 3425 1122 3513 quibuscum
1144 3448 1300 3513 compara
1322 3428 1428 3494 verba
1451 3450 1534 3493 com·

405 3568 532 3656 posita,
558 3567 647 3655 apud
669 3566 882 3655 Aeschylum
905 3571 1059 3655 reperta,
1084 3567 1250 3648 κυνόφρων,
1274 3567 1476 3650 κυνοθρασεῖς.

451 3666 651 3797 Exemplum
669 3710 855 3797 praebebat
873 3709 1037 3776 Homerus
1050 3710 1093 3776 Il.
1105 3710 1197 3806 VIIl
1210 3749 1252 3757 -
1264 3711 1330 3778 423
1347 3711 1413 3775 κύων
1426 3711 1535 3783 abacis

408 3859 444 3920 et
473 3854 580 3919 XXII
614 3893 654 3900 —
683 3854 813 3930 345111
837 3877 895 3930 με,
919 3851 1001 3925 κύον,
1025 3851 1132 3929 γούνων
1153 3852 1295 3934 γννννὶζεο
1318 3854 1396 3930 μηδὲ
1419 3857 1535 3929 τοκήων.

407 3996 534 4063 Eodem
564 3996 658 4062 modo
690 4019 763 4062 cum
795 3999 987 4084 contemptu
1012 3996 1150 4085 ponitur
1172 3993 1303 4073 ὕκκγκωκ
1327 4000 1362 4062 et
1385 3997 1535 4071 ὑλωκτεῖν,

407 4140 448 4206 cf.
480 4137 546 4223 Ag.
577 4139 681 4223 1631,
714 4139 816 4221 1672,
849 4138 947 4226 Soph.
977 4139 1031 4205 El.
1063 4141 1145 4224 299,
1178 4139 1259 4206 Eur.
1284 4138 1360 4207 Alc.
1385 4143 1465 4225 760,
1491 4143 1534 4208 fr.

407 4285 487 4364 699,
512 4305 593 4369 quos
617 4281 705 4348 locos
730 4280 962 4369 suppeditavit
985 4281 1150 4369 Rappold,
1175 4281 1285 4346 σωίνεκν
1310 4257 1423 4348 autem
1446 4285 1535 4371 apud

407 4424 589 4489 Homerum
613 4423 719 4490 solum
741 4423 916 4491 invenitur
939 4423 980 4489 de
1003 4423 1092 4511 lupis
1117 4428 1152 4491 et
1176 4425 1217 4491 de
1241 4424 1379 4492 canibus
1405 4427 1435 4508 (κ
1459 4427 1534 4509 217,

410 4588 434 4628 u
457 4567 493 4647 6,
519 4588 532 4644 ρ
558 4565 638 4647 302,
662 4564 780 4652 hymn.
805 4565 840 4631 in
864 4565 948 4633 Ven.
974 4567 1045 4652 7o>;
1071 4567 1160 4655 apud
1184 4567 1379 4657 Sophoclem
1402 4567 1443 4638 de
1455 4591 1535 4636 voce
