3466 5536
956 821 999 885 54

411 1018 586 1085 invenitur
610 1019 664 1103 (ll.
690 1019 759 1102 XI,
785 1019 861 1103 329)
887 1015 951 1081 ἔνθ’
975 1016 1079 1092 ἕλε’τνν
1102 1015 1205 1097 δίφρον
1229 1041 1265 1080 τε
1285 1015 1336 1080 rui
1350 1017 1433 1096 ωὶνὲρε
1447 1017 1540 1092 δήμων

413 1160 534 1242 νὶρίστω,
558 1161 616 1226 ubi
639 1159 733 1227 aliud
757 1164 810 1226 est
833 1159 938 1234 ἑλέτην
961 1159 1108 1226 relatum
1131 1159 1175 1226 ad
1197 1158 1320 1240 δίφρων,
1345 1159 1440 1226 aliud
1463 1182 1539 1225 oon-

412 1305 564 1370 iunctum
587 1327 661 1370 cum
684 1303 797 1370 verbis
821 1301 904 1382 νὶνέρε
927 1301 1021 1380 δήμου
1045 1301 1165 1384 νὶρίττω.

458 1444 510 1511 Ne
529 1445 604 1534 quis
627 1444 771 1510 miretur
794 1443 836 1508 τὰ
855 1446 883 1507 τ’
908 1444 999 1527 elidi,
1023 1444 1175 1532 quamvis
1200 1468 1275 1512 cum
1299 1445 1450 1532 emphasi
1474 1444 1538 1510 dic-

412 1593 501 1671 tum,
526 1591 697 1676 comparet
720 1587 807 1654 Phil.
833 1587 896 1654 339
921 1581 1007 1665 οἶμαι
1030 1587 1088 1663 μὲν
1111 1589 1210 1669 νὶρκεῖν
1233 1587 1279 1651 σοι’
1300 1611 1338 1664 γε
1360 1586 1413 1651 nai
1435 1585 1477 1650 roi
1498 1588 1537 1659 τ’,

415 1727 435 1794 ὦ
470 1729 589 1803 ratast,
623 1731 677 1796 ΕΙ.
715 1732 800 1798 1499
836 1729 878 1794 rot
912 1735 982 1808 γοῦν
1005 1732 1043 1803 τ’,
1079 1731 1118 1798 Ο.
1153 1731 1195 1798 R.
1230 1731 1314 1814 405,
1351 1732 1434 1814 919,
1458 1729 1537 1795 Eur.

416 1872 537 1939 Troad.
562 1873 643 1957 9183
669 1873 722 1938 El.
746 1873 829 1955 273,
853 1872 989 1961 Hippoi.
1014 1872 1090 1938 323.

458 2017 574 2084 Verba
596 2016 633 2087 ὡς
656 2013 693 2078 ἂν
716 2013 789 2078 εἴτω
812 2015 855 2092 μή
878 2015 1078 2083 insolentius
1101 2015 1280 2082 coniuncta
1304 2014 1359 2100 (=
1383 2015 1420 2085 ὡς
1446 2011 1481 2076 ἂν
1500 2012 1541 2090 ab

416 2156 501 2240 εἵτω)
533 2157 708 2224 offensioni
738 2179 809 2224 esse
843 2180 909 2223 non
931 2161 1071 2245 possunt
1094 2159 1137 2226 cf.
1161 2157 1216 2224 El.
1242 2157 1306 2224 792
1328 2159 1380 2220 τοῦ
1402 2154 1542 2228 θανόντες

417 2300 542 2382 ἀρτίως,
566 2300 622 2367 Ai.
648 2301 712 2366 625
725 2300 738 2363 ὁ
759 2303 844 2363 νοσῶν
856 2297 971 2384 μάτων,
984 2299 1146 2388 Aeschyl.
1159 2299 1268 2366 Prom.
1284 2299 1369 2365 1012
1384 2298 1541 2384 (Weckl.)

415 2444 456 2524 τῷ
488 2445 639 2524 Φρννοῦντν
670 2441 713 2519 μὴ
737 2445 855 2514 κωλῶς,
879 2441 961 2509 Eur.
987 2441 1075 2508 Med.
1099 2442 1166 2507 874
1187 2447 1263 2505 τοῖσι
1288 2438 1477 2517 βουλεύουσιν
1500 2433 1541 2504 εὖ.

417 2585 456 2650 Ο.
480 2585 522 2650 R.
556 2584 620 2649 137
649 2582 730 2662 ὑτὲρ,
750 2581 811 2662 γὰρ
842 2580 911 2662 οὐχὶ
942 2585 999 2645 τῶν
1022 2581 1163 2663 τὶτωτέρω
1188 2582 1302 2662 Φίλων,
1337 2582 1397 2649 ubi
1430 2586 1543 2649 tamen

398 2723 582 2794 'vocabula
616 2723 850 2812 ambiguitatis
886 2747 988 2791 cansa
1021 2725 1172 2792 consulto
1207 2725 1254 2793 sio
1289 2748 1310 2792 a
1343 2728 1444 2813 poeta
1467 2726 1545 2791 sunt

418 2867 591 2950 ordinata,
616 2865 695 2933 ibid.
720 2867 785 2933 269
809 2867 914 2930 ἐκεῖνον
937 2867 957 2930 ὁ·
973 2865 1102 2941 κτωνών,
1128 2867 1171 2934 ad
1197 2890 1295 2956 quern
1314 2868 1422 2933 locum
1445 2866 1545 2953 plura

418 3008 587 3096 congessit
611 3009 764 3099 exempla
786 3011 914 3077 Bruhn.

463 3293 532 3359 Ad
566 3319 588 3362 v
603 3318 627 3361 s,
664 3296 746 3361 360:

574 3436 644 3517 οὐχὶ
667 3436 793 3513 ξυνῆκας
817 3435 964 3519 τρότθενς
988 3438 1003 3513 ἢ
1027 3441 1148 3521 ’κτενρρῖ
1184 3437 1357 3514 λένενν;

464 3582 572 3646 Locus
618 3580 860 3666 conclamatns;
908 3603 1040 3668 pancas.
1078 3583 1279 3648 enumerabo
1320 3581 1547 3648 coniecturas:

420 3723 582 3808 Hartung
605 3720 621 3796 ἢ
647 3727 735 3805 τενρρῖ
759 3720 868 3798 λέγων,
890 3721 1065 3811 Campbell
1082 3722 1099 3798 ἢ
1118 3725 1238 3807 ’κτενρρῖ
1260 3722 1349 3804 λόγῳ,
1369 3724 1549 3791 Wecklein

422 3871 457 3934 et
479 3866 698 3933 Bellermann
720 3864 736 3940 ἢ
760 3867 879 3948 ’κτενρᾷ
903 3863 1014 3943 λόγων,
1038 3866 1193 3953 Blaydes
1217 3865 1287 3947 οὐχὶ
1310 3864 1454 3942 ξυνῆκωςς
1478 3865 1549 3946 πρὸς

421 4008 454 4073 τί
475 4032 531 4086 μου
554 4011 673 4090 'merga
693 4007 811 4084 λέγειν,
832 4007 999 4083 bieklerd
1021 4007 1119 4092 τέτρρι
1138 4007 1255 4087 λέγων,
1275 4008 1314 4076 F.
1327 4009 1383 4076 W.
1397 4008 1549 4076 Schmidt

421 4152 437 4227 ἢ
474 4151 561 4235 ἓτὲρρ
597 4151 695 4227 λέγως
731 4150 872 4236 Madvig
905 4155 1072 4238 postremo
1103 4150 1260 4236 (Advers
1294 4151 1379 4218 Orit.
1410 4152 1446 4235 I,
1470 4152 1549 4237 210)

422 4295 568 4382 speciose
592 4293 607 4368 ἢ
633 4294 666 4357 ἐν
689 4292 797 4374 τείρως
817 4293 935 4372 λέγειςς
961 4317 1032 4379 „an
1052 4295 1208 4361 tentandi
1219 4294 1286 4360 mei
1298 4316 1399 4361 causa
1413 4293 1548 4362 dicis?'’

465 4438 560 4504 Haeo
596 4437 864 4503 coniecturarum
899 4438 1001 4504 moles
1038 4437 1122 4504 satis
1157 4436 1307 4504 ostendit
1339 4437 1447 4503 locum
1479 4459 1550 4503 esse

421 4585 630 4668 corruptum5
674 4580 830 4648 fortasse·
864 4584 979 4647 tamen
1014 4579 1185 4648 satisfacit
1218 4578 1402 4645 restituere
1436 4576 1549 4655 λε’ρων,
