3466 5536
943 804 986 868 28

397 999 490 1074 ἄθεος
515 1000 634 1084 (seusu
653 998 758 1079 „door
779 997 819 1064 de
842 997 951 1083 goden
970 996 1179 1082 verlaten'')‚
1200 997 1316 1086 itaque
1336 998 1529 1064 coniectura

397 1139 490 1215 ἄθεος
521 1141 713 1228 tautologia
735 1141 830 1208 nasei
853 1140 1001 1208 videtur.
1027 1140 1231 1227 Comparare
1255 1139 1353 1208 iuvet
1377 1165 1426 1209 vs,
1451 1142 1525 1206 661:

397 1284 465 1348 ἐπεὶ
490 1283 583 1358 ἄθεος
606 1282 721 1365 ἄφιλος
745 1280 763 1348 έ
777 1306 808 1347 τι
830 1281 972 1361 τέμοιτον
985 1279 996 1369 l
1009 1279 1145 1358 έλοέμοιν,
1165 1281 1224 1349 ubi
1243 1278 1337 1355 ἄθεος
1358 1287 1393 1352 et
1413 1281 1527 1364 ἄφιλος

396 1429 594 1515 iunguntur.

441 1571 495 1636 Ex
525 1570 697 1658 frequenti
724 1570 919 1637 litterarum
942 1570 1204 1658 transpositione
1229 1569 1427 1658 explicanda
1451 1593 1523 1637 esse

396 1712 534 1781 videtur
575 1713 812 1781 vocabulorum
854 1711 977 1792 τρέφειν
1019 1717 1054 1782 et
1094 1712 1196 1793 φέρειν
1239 1712 1402 1797 confusio,
1437 1736 1524 1802 quae

396 1855 519 1943 ubique
542 1853 733 1938 invenitur;
766 1853 912 1938 (τ)ρέφειν
935 1854 1040 1939 enim,
1068 1854 1232 1922 litterar
1256 1857 1358 1922 semol
1382 1855 1522 1940 amissa,

396 1990 595 2065 mutabatur
616 1998 652 2063 in
675 1997 787 2078 φέρειν.
812 1997 964 2086 Blaydos
987 1997 1089 2078 τρέφω
1112 2021 1172 2087 pro
1195 1997 1275 2078 φέροι
1298 1998 1398 2066 malit
1421 1999 1459 2066 Ο.
1481 2000 1522 2067 R.

397 2142 453 2226 90,
480 2141 552 2208 sine
576 2164 693 2227 oausa;
719 2163 797 2207 nam
820 2140 944 2229 optime
967 2163 1003 2208 se
1025 2140 1130 2207 hebet
1149 2141 1251 2221 φέρειν
1270 2140 1396 2213 πένθος,
1415 2164 1523 2229 neque

399 2284 511 2368 video,
547 2307 611 2372 quo
640 2284 772 2351 nomine
802 2284 892 2350 idem
922 2283 1003 2349 ibid.
1035 2284 1116 2350 863:
1148 2281 1177 2347 εἴ
1206 2306 1258 2361 μοι
1283 2281 1379 2360 ξυνεῖν
1402 2284 1522 2366 φέροντι

396 2427 578 2494 coniecerit
600 2426 752 2508 τρέφοντι.
780 2426 914 2520 Certior
936 2427 1106 2515 corruptio
1130 2430 1269 2515 roperta
1290 2451 1362 2495 esse
1385 2427 1524 2496 videtur

395 2569 430 2635 in
452 2570 552 2638 huius
576 2569 740 2637 dramatis
763 2594 812 2638 vs,
837 2570 919 2636 519:

572 2712 701 2790 λόγοισιν
725 2710 780 2776 εἴτ’
805 2709 930 2793 ἔργοισιν
954 2713 996 2785 εἷς
1020 2711 1147 2790 βλᾶβνν
1170 2713 1305 2793 φέρον,

574 2853 649 2920 οὔτοι
674 2853 741 2933 βίον
765 2878 816 2931 μοι
839 2858 890 2919 τοῦ
914 2853 1099 2935 μοικροιέοενος
1122 2852 1217 2928 πόθος

573 2998 758 3078 φέροντι
792 2997 879 3072 τήνδε
902 2994 1003 3074 βοέξιν.
1028 2998 1058 3061 οὐ
1081 2997 1142 3079 γὰρ
1166 2998 1208 3071 εἷς
1231 2997 1346 3062 οὶοτλοῖιν

485 3143 550 3208 520
573 3143 588 3216 ἦ
614 3139 711 3222 ζνμέοι
734 3163 786 3218 μοι
808 3143 859 3204 τοῦ
883 3138 972 3216 λόγον
994 3138 1097 3204 τούτου
1121 3141 1237 3222 φέρει
1260 3142 1323 3206 κτέ.

439 3285 550 3352 Valde
586 3284 743 3372 displicet
777 3285 917 3352 verbum
952 3282 1071 3364 φέρειν,
1103 3288 1157 3351 ter
1185 3285 1523 3374 repetitum31egen·

395 3427 474 3493 dum
507 3427 622 3515 proeul
659 3426 758 3492 dubio
792 3425 986 3507 τρέφοντι
1021 3430 1062 3492 ut
1085 3427 1190 3512 vidit,
1215 3427 1251 3493 ni
1273 3428 1393 3512 fallor,
1419 3428 1523 3494 Tour-

394 3573 479 3639 nier.
504 3572 626 3639 Traeh.
654 3573 717 3638 109
741 3571 809 3637 iarn
832 3569 1049 3638 Casaubonus
1074 3570 1211 3658 egregie
1235 3571 1331 3648 δεῖμοι
1353 3595 1373 3635 τ
1381 3570 1523 3652 ρέιφοο-

396 3738 465 3778 οοιν
489 3715 553 3778 ὁδοῦ
578 3712 772 3782 emendavit
794 3737 854 3800 pro
878 3712 1087 3793 φέρονσοινς
1112 3713 1215 3780 etiam
1238 3713 1320 3780 Ant.
1347 3714 1449 3780 1090:
1474 3713 1524 3776 τὸν

395 3860 456 3919 νοῦν
490 3858 518 3919 τ’
555 3856 665 3932 duriaco
701 3860 758 3920 τῶν
792 3858 904 3938 φρενῶν
934 3854 950 3930 ἢ
981 3858 1027 3918 νῦν
1059 3853 1145 3948 φέρει
1168 3855 1314 3922 fortasse
1337 3879 1411 3922 oum
1432 3856 1523 3922 Her-

395 3998 551 4065 werdeno
574 3998 800 4086 reponendum
823 4002 876 4064 est
899 3996 1016 4078 τρέφει.

440 4139 489 4207 Ut
519 4149 545 4203 Θ
577 4143 612 4206 et
645 4149 686 4224 Φ,
723 4139 770 4207 sie
804 4140 840 4205 in
876 4139 1108 4206 Laurentiano
1143 4139 1392 4206 confunduntur
1427 4150 1456 4204 A
1488 4145 1524 4208 et

396 4292 445 4357 Λ,
468 4282 561 4349 ouius
597 4282 648 4350 rei
683 4283 836 4371 exempla
870 4281 996 4370 passim
1031 4282 1270 4366 inveniuntur;
1305 4283 1425 4371 ecquid
1459 4284 1525 4352 hue

394 4425 598 4493 trahendum
633 4429 685 4493 est
721 4427 759 4492 Ο.
795 4427 837 4492 R.
873 4449 922 4494 ve.
961 4425 1072 4493 1085?
1106 4425 1161 4491 Ibi
1193 4425 1280 4492 enim
1302 4426 1449 4510 legitur:
1475 4427 1524 4491 οὐκ

396 4567 433 4634 ἄν
467 4565 624 4645 ἐξέλθοιμ’
655 4565 701 4632 έτι
730 4565 856 4655 [ποτ’
891 4566 1015 4639 ἄλλος
1050 4563 1127 4632 ἄοτε
1163 4569 1205 4644 μέν
1237 4565 1382 4644 ’κμοιθεῖν
1417 4568 1525 4646 τούμὸν
