3466 5536
774 804 818 870 29

228 998 331 1077 γένος,
355 1022 453 1088 quem
476 999 585 1065 locum
607 1000 703 1068 varie
726 1003 909 1067 tentarunt
930 999 1043 1067 critici
1066 1000 1147 1084 (vid.
1173 1001 1359 1079 editiones).

274 1142 455 1211 Molestum
488 1143 688 1212 vocabulum
722 1140 860 1216 ἄλλος
895 1147 1007 1209 ortum
1042 1165 1115 1209 esse
1146 1166 1188 1209 11
1218 1143 1360 1222 ἀλαός

153 1276 162 1290 ’
230 1284 445 1372 suspicantur
475 1286 614 1373 Kayser
645 1289 681 1352 et
708 1311 741 1353 v.
764 1286 992 1369 Herwerden,
1016 1286 1075 1374 qui
1096 1289 1279 1373 praeterea
1299 1311 1360 1375 pro

230 1428 298 1490 τοτ’
322 1427 466 1495 coniecit
487 1424 562 1492 ὧδ’.
584 1429 650 1515 (De
673 1427 770 1502 ἀλαός
793 1429 990 1495 conferetur
1012 1428 1136 1495 Aeseh.
1159 1429 1358 1513 Prom.447,

230 1573 313 1654 550,
337 1571 460 1657 Agum.
487 1572 572 1639 1623
596 1573 647 1639 ed.
672 1572 828 1656 Weckl.).

274 1855 391 1922 Aliam
424 1856 516 1924 viam
549 1856 725 1942 ingressus
759 1857 905 1923 antehac
938 1857 1048 1924 locum
1081 1861 1276 1945 corruptum
1297 1859 1359 1924 hoe

228 1999 324 2064 modo
346 2000 530 2067 restituere
554 2005 693 2066 conatus
717 2023 807 2066 sum:

796 2142 853 2206 τίνι
876 2141 975 2224 τρόπῳ
999 2141 1180 2208 καθέστατε

275 2283 430 2360 δείξαντες
451 2285 468 2360 ἢ
492 2283 677 2362 στέξαντεςς

229 2429 416 2494 Retinebat
459 2433 574 2495 tumen
606 2452 660 2496 me
693 2429 902 2512 observatio,
938 2451 1024 2517 quae
1067 2428 1157 2516 apud
1195 2429 1357 2516 plurimos
1429 2499 1432 2504 ,

229 2570 362 2636 criticos
397 2570 524 2636 iniuria
545 2571 691 2658 legitur,
715 2572 841 2638 formas
865 2569 961 2647 στέξω
985 2576 1021 2639 et
1051 2569 1162 2647 ἔστεξα
1193 2594 1357 2660 nusquam

228 2713 386 2780 inveniri.
409 2715 499 2781 Nam
521 2738 588 2781 non
610 2715 706 2782 modo
730 2715 855 2803 optim-e
878 2715 1066 2803 comparari
1087 2717 1228 2803 possunt
1250 2713 1356 2794 ψέγω,

228 2852 313 2933 ψὲξω
348 2856 399 2940 (0.
436 2855 473 2923 C.
510 2857 614 2939 1172,
645 2856 701 2922 Ai.
735 2857 850 2941 1130),
882 2855 981 2934 λέγω,
1013 2854 1106 2932 λέξω,
1148 2856 1207 2923 sed
1252 2857 1356 2922 etiam

228 2997 414 3064 omiserunt
455 2998 565 3064 eidem
599 2998 711 3065 critici
745 3002 817 3064 tres
851 2998 958 3064 lucos:
982 2997 1123 3065 Anthol.
1158 2999 1270 3065 Palat.
1304 2998 1359 3064 XI
1433 3061 1436 3065 .

228 3141 329 3223 340,4
362 3139 506 3217 στέξαι
541 3145 586 3228 (v.
617 3141 639 3208 l.
676 3138 860 3225 στέρξαι)
894 3141 947 3214 τὴν
981 3139 1060 3203 νόσον
1093 3141 1124 3203 οὐ
1155 3139 1289 3217 δύναμαι
1321 3144 1358 3206 et

227 3284 300 3348 XII
324 3285 422 3367 179,4
452 3282 596 3360 στέξαι
624 3282 768 3362 τάγαθὸν
791 3284 821 3346 οὐ
844 3281 988 3362 δύναμαι.
1011 3283 1165 3371 Utroque
1186 3282 1258 3349 loeo
1281 3305 1355 3350 ver·

226 3429 306 3492 bum
329 3424 436 3503 στέξαι
460 3428 585 3494 Schiitz
608 3432 701 3495 recte
725 3428 874 3516 explieat
900 3425 1355 3512 „verbe1·gen,verschwei-

226 3591 309 3654 gen,
346 3569 479 3655 geheim
519 3570 670 3637 halten.’'
704 3570 824 3657 Polyb.
859 3569 918 3634 ΙΠ
953 3568 1029 3650 532
1074 3564 1269 3642 ἔστεξαν
1302 3568 1355 3640 τὴν

226 3711 359 3792 ἐκφορὰν
384 3716 442 3775 τῶν
464 3711 639 3793 βαρβάρων.

270 3854 435 3932 στέξαντες
458 3861 573 3924 autem
596 3857 658 3923 hoe
680 3857 751 3922 loeo
771 3856 911 3944 ponitur
932 3877 1031 3921 sensu
1053 3853 1208 3938 „silentio
1220 3852 1353 3919 celare”

225 4002 266 4064 ut
298 3999 387 4066 Phil.
425 4001 489 4066 136
523 3999 556 4062 τί
588 4000 659 4080 χρή,
690 3999 725 4063 τι’
752 4000 812 4080 χρή
844 4022 897 4076 με,
929 3996 1064 4068 δέσποτ’,
1088 3995 1118 4059 ἕν
1140 3992 1212 4078 ξένα
1236 3992 1317 4070 ξέναν
1341 3993 1352 4082 Ι

225 4142 346 4218 στέγειν
379 4141 396 4216 ἦ
430 4141 463 4204 τί
495 4141 597 4218 λέγειν
630 4142 703 4222 πρὸς
738 4141 819 4220 ἄνδρ’
855 4138 1014 4214 tissimum
1049 4137 1108 4203 ubi
1142 4141 1353 4225 opponuntur

225 4282 411 4359 στέγειν
447 4287 482 4350 et
515 4283 682 4359 λέγειν.
713 4283 754 4349 ef.
790 4284 829 4349 0.
853 4284 897 4349 R.
922 4281 985 4347 341
1009 4276 1352 4358 ἥξειγὰραὺτνέ,κ1ν

223 4428 281 4504 ἐγὼ
305 4436 376 4508 σιγῇ
399 4426 509 4504 στέγω,
533 4427 632 4514 Soph.
656 4427 700 4491 fr.
726 4427 791 4493 609
814 4424 969 4501 σύγγνωτε
988 4419 1192 4502 κένιὶσχεσθε
1210 4424 1349 4497 σιγῶσαι.

221 4570 255 4634 τὸ
277 4569 338 4649 γὰρ
360 4568 496 4646 γυναιξὶν
518 4569 645 4649 αἰσχρὸν
667 4568 719 4631 σὺν
739 4566 861 4644 γυναικὶ
883 4567 933 4631 δεῖ
951 4566 1081 4642 στέγειν.
