3490 5540
776 790 840 856 125

442 988 519 1061 adst
543 985 579 1049 σὺ
604 987 716 1058 δουλοῖς
739 987 822 1063 κοίμὲ
845 984 897 1050 κκί
920 989 1024 1051 πόντων
1049 984 1154 1061 πόλννς

243 1129 314 1195 sine
346 1152 448 1196 eausa
469 1129 518 1195 ibi
541 1129 703 1211 Dindorf,
726 1129 881 1216 quamvis
909 1128 1112 1216 speciosam,
1143 1127 1369 1195 coniecturam

241 1272 408 1339 Wunderi
428 1273 566 1360 recepit,
586 1270 653 1335 κκί
671 1270 713 1334 τέ
732 1271 911 1337 scribentis
931 1294 992 1358 pro
1011 1270 1125 1346 κόμέ.
1146 1270 1262 1338 Verba
1282 1271 1370 1336 enim

242 1417 346 1478 πᾶσαν
364 1415 450 1478 πόλιν
468 1414 511 1481 ad
531 1437 671 1481 omnes
693 1415 849 1500 spectant
868 1413 978 1498 oives,
997 1413 1101 1479 etiam
1122 1413 1167 1478 ad
1186 1413 1369 1479 chorum.

240 1557 316 1624 Nou
338 1558 447 1643 magis
479 1556 639 1624 assentiri
669 1579 805 1650 possum*
835 1555 1037 1638 editoribus,
1069 1554 1129 1644 qui
1152 1554 1369 1642 expluribus

242 1699 445 1788 apographis
479 1699 650 1787 accipiunt
683 1698 862 1766 lectionem
899 1697 982 1774 κοίμὲ
1020 1695 1073 1760 κκί
1111 1695 1145 1760 οὲ
1179 1694 1231 1760 κοιί
1266 1695 1369 1780 πόλιν,

242 1864 328 1930 quae
350 1842 496 1909 fortasse
530 1843 609 1908 inde
644 1845 697 1909 est
732 1845 833 1924 nata,
865 1841 953 1928 quod
982 1840 1170 1926 magistelii
1192 1840 1371 1926 vulgatam

243 2007 284 2050 ex
305 1985 373 2051 iam
397 1988 553 2072 corrupto
578 1985 700 2072 Oedipi
721 1985 828 2071 Regis
852 1984 923 2050 loeo
946 2005 1069 2051 sanare
1092 1983 1205 2050 eonati
1229 1987 1317 2050 sunt.

283 2126 371 2192 Vide
413 2130 610 2214 praeterea,
654 2149 754 2214 quam
795 2126 971 2214 pulchrum
1012 2126 1195 2193 habeamus
1237 2126 1371 2193 schema

241 2269 377 2336 remotis
412 2292 478 2336 vss.
512 2270 556 2334 64
585 2271 621 2335 et
651 2271 693 2334 75
726 2270 840 2344 όοπεοπι
864 2267 958 2332 πλείω
982 2271 1033 2331 τοῦ
1056 2266 1240 2343 καθήκοντος
1264 2266 1369 2350 χρόνον

240 2411 328 2496 (oum
356 2411 531 2496 Bentlei0,
555 2412 717 2494 Porsono,
751 2411 1005 2498 Herwerdeno).
1032 2412 1127 2478 Tune
1150 2412 1239 2478 enim
1263 2411 1368 2501 loqui-

238 2558 297 2619 sm·
321 2555 468 2642 oedipus
490 2556 513 2620 4
536 2556 577 2638 ς
602 2557 622 2621 5
646 2556 687 2638 ς
712 2556 733 2621 5
757 2556 798 2638 ς
822 2556 845 2620 4
868 2586 910 2611 .-.
936 2557 977 2622 rs
1000 2541 1129 2624 versus.

284 2841 353 2908 Ad
387 2865 447 2910 vs.
484 2844 543 2908 75.

440 2983 492 3048 κκί
514 2985 550 3061 μ’
574 2979 656 3065 ἦμος
678 2985 732 3060 ἤδη
755 2985 1017 3066 ονμμετροόμενον
1041 2985 1136 3066 χρόνῳ

407 3127 410 3132 ’
441 3131 537 3190 λυπεῖ
554 3125 588 3190 τί
608 3125 748 3208 πρόοοεν·
773 3131 825 3192 τοῦ
848 3128 909 3210 γὰρ
933 3127 1043 3202 εἰκότος
1067 3129 1147 3210 πόροι

352 3270 394 3335 75
441 3268 556 3333 οἰπεοτν
580 3269 675 3333 πλείω
699 3274 750 3334 τοῦ
773 3269 957 3346 καθήκοντος
981 3270 1095 3351 χρόνον.

284 3412 428 3479 Versum
452 3412 496 3477 74
530 3418 626 3476 λυπεῖ
652 3413 684 3476 τί
712 3412 852 3494 πρότοεν·
884 3417 936 3477 τοῦ
964 3413 1025 3495 γὰρ
1057 3413 1169 3488 εἰκότος
1199 3415 1302 3496 πόροι
1332 3416 1368 3482 in

238 3555 304 3621 fine
328 3555 454 3622 ordinis
477 3556 556 3621 olim
579 3558 650 3644 legi
674 3579 715 3622 ex
737 3558 868 3624 tabella
891 3558 1062 3645 exscripta
1085 3562 1237 3646 apparet.
1273 3559 1368 3622 πλείω

239 3693 291 3760 τοῦ
324 3696 507 3773 καθήκοντος
538 3698 642 3780 χρόνον
673 3724 753 3767 vero
783 3700 950 3787 glossema
982 3701 1157 3788 antiquum
1181 3701 1250 3767 fuit
1272 3725 1368 3769 voea-

239 3840 392 3907 bulorum
416 3845 466 3904 τοῦ
490 3841 600 3914 εἰκότος
623 3848 733 3924 περᾷ,
757 3843 845 3931 quod
864 3841 1041 3928 glossema,
1063 3866 1138 3909 oum
1157 3843 1366 3931 archetypus

239 3984 560 4067 transscriberetur,
585 4007 606 4050 a
627 3985 822 4070 magistello
845 3984 1028 4051 dilatatum
1052 4008 1124 4052 esse
1146 3985 1285 4054 videtur
1305 3986 1366 4068 ita,

238 4131 279 4194 ut
301 4151 406 4194 novus
429 4131 627 4194 nasceretur
649 4151 769 4195 versus
789 4127 903 4192 ἄπεστι
924 4126 1019 4192 πλείω
1036 4131 1088 4191 τοῦ
1099 4125 1284 4204 καθήκοντος
1297 4127 1367 4210 χρό-

239 4293 303 4342 νον,
338 4270 438 4336 simul
469 4270 593 4358 scripto
627 4271 707 4351 πόροι
736 4295 796 4358 pro
819 4277 897 4352 περᾷ
925 4269 996 4359 ([Γ]
1021 4269 1055 4336 Α
1079 4270 1176 4351 πὲρκ,
1201 4273 1240 4336 L.
1265 4271 1366 4355 πόροι).

240 4411 349 4494 Quam
372 4415 412 4480 ob
436 4436 508 4480 rem
530 4437 596 4480 non
621 4413 806 4481 dubitarim
828 4414 970 4480 Porsoni
993 4414 1259 4481 emendationem
1283 4413 1366 4480 reei-

238 4578 329 4642 pere.
353 4556 481 4623 Eodem
503 4556 598 4622 modo
623 4555 731 4622 Schol.
757 4556 879 4621 Traoh.
902 4555 1033 4642 legitur
1055 4555 1151 4620 πλείω
1170 4560 1222 4621 τοῦ
1240 4557 1367 4630 δέοντος,
