3490 5540
886 835 952 901 124

392 1033 444 1098 De
475 1031 617 1100 alterius
643 1056 760 1101 versus
785 1032 986 1129 formatione
1010 1035 1089 1119 apte
1113 1031 1300 1119 comparari
1323 1035 1480 1118 possunt,

348 1196 434 1263 quae
465 1174 593 1240 habent
625 1174 749 1242 Schiitz
781 1174 864 1240 inl.
888 1175 910 1240 l.
937 1175 980 1241 ad
1004 1174 1060 1241 Αἰ.
1084 1174 1168 1256 469,
1193 1177 1283 1241 etv.
1309 1173 1482 1240 Leeuwen

349 1315 530 1384 Commeat.
555 1339 611 1405 pg.
637 1318 690 1383 26.

392 1457 532 1538 Verbis,
568 1459 753 1545 posteriore
789 1459 921 1525 demum
943 1462 1094 1547 tempore
1126 1459 1268 1526 additis:
1293 1457 1379 1535 μόνον
1401 1454 1478 1520 rxb'

349 1601 437 1665 αὑτὸν
459 1600 568 1664 κούδέν
594 1599 687 1664 ἄλλον
711 1601 881 1690 sesquipes
907 1601 1026 1668 deerat
1045 1601 1089 1669 ad
1108 1601 1302 1667 trimetrum
1324 1601 1479 1688 supplen-

349 1744 442 1828 dum;
466 1743 653 1830 magistelli
673 1748 787 1810 autern
806 1745 956 1811 ordinem
980 1744 1163 1811 restituere
1187 1746 1395 1810 conabantur
1418 1767 1480 1831 pro

349 1887 460 1967 ψυχὴ
486 1887 511 1951 δ’
536 1888 610 1963 ἐμή
634 1887 895 1975 transpositione
919 1887 1142 1954 rescribentes
1166 1887 1182 1960 ἡ
1206 1885 1233 1949 δ’
1258 1886 1317 1963 ἐμή
1337 1898 1349 1965 ,¹
1368 1885 1478 1965 ψυχή,

350 2029 466 2114 simul,
490 2034 531 2096 ut
554 2030 668 2096 hiatus
692 2029 729 2094 in
751 2054 800 2097 vs.
826 2031 869 2095 64
898 2029 1098 2116 impleretur
1122 2028 1238 2095 addito
1263 2068 1304 2076 -
1326 2028 1339 2092 ὲ
1362 2027 1413 2092 κού
1437 2029 1478 2091 ς’.

350 2172 456 2260 Saepe
491 2172 579 2238 enim
613 2171 701 2240 vitia
727 2170 1029 2256 „constructione”
1054 2174 1137 2237 nata
1165 2174 1260 2254 sunt,
1286 2170 1327 2237 de
1351 2193 1418 2258 qua
1440 2193 1480 2236 rc

350 2319 563 2402 comparetur
593 2339 624 2381 v.
650 2314 861 2383 Herwerden
892 2314 936 2380 ad
960 2315 998 2381 Ο.
1024 2315 1065 2380 R.
1090 2315 1165 2379 976.
1189 2312 1372 2379 Pulchrum
1395 2312 1478 2379 talis

350 2457 429 2524 vitii
464 2456 711 2524 constructione
747 2456 814 2522 orti
844 2457 1030 2543 exemplum
1062 2456 1203 2542 praebet
1226 2454 1280 2520 El.
1313 2455 1395 2538 775,
1418 2454 1479 2520 ubi

350 2599 528 2686 Sophocles
540 2598 656 2686 procul
668 2599 768 2665 dubio
781 2598 964 2686 scripserat
975 2595 1074 2672 ννδύος
1086 2597 1185 2674 γεγὼς
1198 2597 1273 2673 ἐμῆς
1288 2595 1477 2683 (Blaydes);

349 2742 537 2827 magistelli
559 2744 818 2828 transponentes
849 2741 1012 2809 vocabula
1037 2741 1246 2828 scripserunt
1270 2740 1346 2817 ἐμῆς
1376 2738 1477 2813 νηδύος

349 2883 466 2960 νενύςς
490 2888 562 2951 tum
592 2884 694 2951 metri
724 2905 827 2951 causa
857 2882 955 2960 νηδύος
986 2886 1193 2950 mutatatum
1217 2884 1328 2951 estin
1351 2888 1476 2964 ψυχῆς,

349 3048 412 3115 quo
440 3026 585 3108 factum,
616 3031 657 3093 ut
679 3026 777 3093 hodie
800 3029 915 3093 textus
937 3028 1079 3114 praebet
1108 3026 1352 3114 ineptissimam
1383 3027 1479 3092 illam

348 3169 527 3235 lectionem
550 3176 603 3242 τῆς
626 3169 702 3245 ἐμῆς
725 3173 833 3248 ψυχῆς
857 3169 892 3254 (1)
916 3167 1025 3246 γεγώς.
1056 3169 1083 3254 1)

396 3313 605 3400 Quamquam
635 3335 738 3398 aegre
768 3334 919 3380 caremus
943 3311 1115 3380 vocabulis
1138 3309 1190 3375 κού
1213 3313 1251 3394 ο’,
1276 3334 1362 3399 quae
1384 3311 1475 3399 ipsa,

349 3458 389 3520 ut
423 3454 510 3537 dixi,
546 3454 675 3520 nullam
709 3457 845 3522 movent
880 3454 1116 3542 suspicionem,
1155 3453 1208 3541 (cf.
1244 3454 1368 3520 Phoen.
1392 3455 1475 3537 437,

350 3597 387 3661 Ο.
413 3594 448 3662 O.
487 3596 564 3681 754)
600 3599 713 3662 tamen
746 3595 1002 3663 necessaria
1037 3619 1102 3661 non
1138 3598 1225 3661 sunt.
1260 3593 1346 3659 πόλιν
1370 3595 1475 3678 enim,

349 3739 436 3828 quod
459 3741 520 3806 hoc
543 3740 613 3806 loco
637 3738 727 3804 idem
750 3739 921 3826 significat
945 3761 984 3805 ao
1008 3737 1156 3811 πολίτος,
1181 3744 1221 3806 ut
1245 3740 1282 3808 Ο.
1308 3739 1344 3805 Ο.
1371 3739 1474 3821 1298,

349 3883 403 3948 ΕΙ.
429 3883 510 3965 642,
535 3905 595 3969 per
619 3905 654 3948 se
678 3882 746 3947 iam
768 3880 914 3947 includit
937 3881 1073 3947 chorum
1092 3905 1166 3948 oum
1187 3882 1346 3967 chorago,
1369 3903 1476 3969 neque

348 4024 525 4110 indignus,
568 4023 626 4111 qui
668 4027 898 4112 comparetur,
940 4024 1077 4090 fabulae
1120 4022 1353 4110 Aeschyleae,
1390 4046 1476 4112 quae

350 4166 548 4233 inscribitur
580 4166 716 4253 Septem
739 4165 902 4232 adversus
924 4165 1075 4248 Thebas,
1102 4169 1154 4232 est
1176 4189 1225 4232 vs.
1251 4166 1333 4248 254,
1358 4165 1417 4231 ubi
1440 4165 1476 4230 in

350 4309 564 4394 M.1egiu1r:

392 4487 419 4564 1)
448 4488 579 4546 Similiter
605 4487 696 4561 inepte
726 4488 828 4561 legitur
859 4485 937 4564 (Eur.
958 4489 1059 4548 Phoen.
1084 4486 1478 4565 manuteneamus<

348 4601 379 4653 ἐκ
397 4604 495 4663 γονῆς
512 4603 612 4663 μολεῖν,
633 4596 679 4653 ubi
699 4599 872 4669 exspectatur
893 4599 1204 4664 auctorizantibus,
1222 4596 1266 4653 vel
1286 4596 1342 4654 tale
1363 4594 1437 4669 quid.
