3490 5540
948 800 991 864 86

402 997 527 1064 tuendo
550 993 703 1076 ξύμφρενε
726 995 827 1078 faya,
851 995 939 1084 quod
962 1000 1134 1083 receptum
1158 999 1209 1062 cst
1233 1016 1254 1061 a
1277 993 1485 1062 Wecklinio.
1507 993 1537 1070 ¹)

451 1254 520 1321 Ad
554 1280 576 1324 v
590 1279 615 1322 s,
653 1254 751 1320 591:

587 1396 613 1458 εἱ
637 1397 662 1460 δ’
688 1396 777 1468 αὐτὸς
801 1391 903 1477 ἦρχεν,
927 1395 1031 1459 πολλὰ
1055 1393 1110 1458 κᾶν
1134 1393 1233 1458 ainau
1258 1392 1353 1474 ἔδρων.

454 1539 557 1606 Lenis
593 1543 628 1604 et
661 1537 837 1624 ingeniosa
868 1541 921 1604 est
952 1535 1145 1604 coniectura
1175 1535 1401 1602 Heimsoethii
1424 1536 1478 1612 (K.
1503 1535 1542 1601 S.

409 1705 465 1770 pg.
490 1683 544 1764 7a>
568 1682 653 1744 ὀκνῶν
677 1680 747 1748 scil.
771 1703 831 1768 pro
855 1677 942 1762 ἄκων,
976 1677 1063 1767 quod
1085 1677 1261 1766 pulchram
1283 1679 1426 1765 praebet
1444 1700 1543 1764 oppo-

412 1824 566 1891 sitionem
589 1846 663 1890 cum
686 1844 885 1910 praegresso
909 1819 979 1884 ἄνευ
999 1819 1116 1905 Φόβον,
1140 1824 1283 1888 utrecte
1296 1819 1544 1888 animadvertit

412 1991 443 2034 v.
468 1966 695 2048 Herwcrdcn,
726 1965 784 2054 qui
814 1967 899 2028 ὀκνῶν
929 1963 965 2030 in
988 1969 1120 2031 textum
1144 1963 1296 2052 recipere
1318 1986 1383 2029 non
1408 1962 1545 2030 dubita·

412 2107 474 2175 vit.
498 2106 657 2174 Fortasse
677 2109 792 2173 tamen
811 2105 956 2192 vulgata
975 2105 1118 2173 retineri
1131 2109 1166 2172 et
1178 2105 1392 2194 aliquatenus
1406 2104 1547 2172 defendi

414 2252 536 2338 potest.

460 2393 650 2459 Consimilis
675 2393 762 2458 enim
786 2392 958 2459 sententia
980 2392 1110 2478 legitur
1132 2417 1164 2458 v.
1182 2415 1209 2459 c.
1233 2391 1290 2458 Aa.
1318 2392 1405 2457 1350
1427 2390 1477 2454 τόν
1498 2413 1548 2454 τοι

416 2537 550 2617 τύρννννον
579 2534 714 2612 εὐσεβεῖν
744 2535 774 2598 εὐ
805 2534 916 2618 ῥᾴδιον,
947 2535 970 2601 i.
995 2557 1022 2602 a.
1047 2533 1140 2619 regi,
1175 2535 1234 2623 qui
1256 2558 1323 2601 non
1346 2535 1453 2601 solum
1474 2534 1548 2622 pic·
1626 2581 1634 2610 ,

417 2683 525 2747 tatem
559 2701 639 2748 vero
670 2678 772 2745 ctiam
803 2677 991 2744 utilitatem
1015 2698 1115 2765 saepe
1140 2681 1293 2765 spectare
1318 2677 1436 2761 debet,
1461 2675 1549 2742 diffi-

418 2822 488 2890 eele
524 2824 576 2888 est
609 2843 739 2908 semper
770 2825 863 2886 recte
894 2843 1014 2906 agere;
1039 2819 1154 2908 itaque
1178 2819 1296 2886 multis
1319 2819 1549 2891 occasionibus

418 2966 590 3034 invitus
615 2967 650 3031 et
674 2966 808 3031 coactus
831 2963 934 3047 facit,
966 2962 1054 3052 quod
1077 2985 1182 3048 regno
1205 2962 1371 3029 conducit.

465 3108 600 3175 Mavult
634 3107 722 3173 enim
756 3099 906 3189 εὐσεβεῖν,
939 3103 1016 3169 ἄκων
1050 3129 1129 3174 vero
1164 3105 1267 3186 facit,
1303 3105 1391 3195 quod
1426 3106 1551 3173 suadet

420 3252 571 3334 utilitaS,
605 3250 673 3319 vid.
709 3275 741 3318 v.
777 3250 946 3317 Lceuwen
981 3249 1170 3329 Commeat,
1205 3271 1260 3336 pg.
1297 3250 1371 3332 183,
1402 3249 1549 3335 Dionys

423 3396 526 3480 Trag.
561 3393 650 3459 fr.4
684 3415 739 3480 pg.
773 3392 837 3458 617
869 3391 969 3472 ἡγὰρ
992 3387 1126 3472 capanule
1150 3389 1270 3462 νὶδνκίνις
1294 3391 1392 3471 μήτηρ
1417 3389 1487 3472 ἔφυ,
1512 3390 1553 3457 Si

464 3609 491 3680 ¹)
512 3607 547 3664 In
567 3609 644 3664 tanta
665 3605 882 3664 coniecturarum
902 3605 973 3662 mole
992 3593 1044 3661 vina
1059 3606 1087 3662 et
1106 3621 1141 3662 ne
1161 3604 1206 3661 vix
1227 3604 1337 3678 quidem
1354 3623 1425 3663 nov-a
1440 3606 1557 3679 reperiri

418 3732 497 3788 posse
517 3714 547 3771 in
567 3713 638 3770 diem
659 3713 727 3770 mihi
747 3712 780 3769 fit
796 3711 906 3769 clarius.
926 3711 1026 3780 Locos,
1045 3710 1078 3768 dc
1094 3710 1195 3784 quibus
1211 3710 1556 3784 egi,retractansinvenio

420 3823 476 3880 iam
497 3821 564 3878 duos
585 3821 657 3878 viros
678 3820 770 3878 doctos
789 3819 874 3888 hanc,
893 3835 976 3891 quam
992 3818 1027 3875 ad
1044 3817 1075 3875 Ο.
1094 3818 1127 3880 R..
1146 3817 1203 3877 579
1214 3819 1359 3894 proposui,
1370 3805 1556 3878 coniecturam

305 3991 308 3998 Α
421 3944 567 4000 occupasse
587 3927 720 3984 Toumier
739 3925 797 3983 scil.
820 3927 847 3982 et
867 3925 907 3982 01.
930 3924 1002 3982 Otto.

461 4035 546 4104 Ecce,
567 4033 651 4091 etium
668 4051 694 4091 v.
715 4032 880 4090 Herwcrdcn
900 4031 972 4090 idem
992 4030 1135 4104 proposuit
1156 4027 1270 4107 (Mnem.
1291 4030 1328 4090 N.
1348 4029 1378 4095 S.
1398 4030 1488 4089 XVII
1508 4049 1558 4106 pg.

422 4141 491 4210 260)
513 4141 576 4199 coll.
595 4139 735 4213 Hesychlo
755 4143 859 4205 τνγαῖς·
878 4141 984 4207 ἀρχαῖς,
1001 4139 1155 4203 ἡγεμονίαις.

462 4246 502 4303 Εο
532 4245 621 4318 magis
651 4245 734 4302 miror
762 4243 795 4301 F.
826 4243 870 4299 W.
902 4243 1024 4301 Schmidt
1054 4244 1149 4302 acerbe
1179 4244 1209 4302 in
1236 4247 1344 4303 nostros
1370 4244 1463 4303 invehi
1483 4245 1560 4305 viros

422 4353 530 4426 doctoS,
561 4351 585 4408 si
614 4351 660 4409 hic
689 4351 748 4409 illic
773 4349 890 4408 aliorum
916 4349 1086 4408 coniecturas
1112 4349 1314 4425 repetiverunt,
1341 4368 1395 4425 quo
1421 4351 1503 4420 vitio,
1534 4354 1559 4411 si

422 4458 521 4516 vitium
551 4460 607 4528 est,
638 4457 697 4530 ipso
727 4455 852 4514 Schmidt
882 4472 936 4514 non
967 4459 1049 4514 caret.
1082 4457 1260 4531 Philologum
1291 4456 1365 4536 enim
1394 4460 1459 4517 anto
1487 4458 1560 4517 alios

422 4563 580 4622 meminisse
600 4563 691 4621 decet:
712 4565 754 4615 καὶ
772 4564 809 4623 δὶς
825 4565 867 4615 καὶ
887 4565 939 4642 τρῖς
956 4567 991 4614 τε
1009 4566 1084 4625 κενά.
