<?xml version="1.0" encoding="UTF-8"?>
<!DOCTYPE html PUBLIC "-//W3C//DTD XHTML 1.0 Transitional//EN"
    "http://www.w3.org/TR/xhtml1/DTD/xhtml1-transitional.dtd">
<html xmlns="http://www.w3.org/1999/xhtml" xml:lang="en" lang="en">
 <head>
  <title>
</title>
<meta http-equiv="Content-Type" content="text/html;charset=utf-8" />
  <meta name='ocr-system' content='tesseract 3.04.00' />
  <meta name='ocr-capabilities' content='ocr_page ocr_carea ocr_par ocr_line ocrx_word'/>
</head>
<body>
  <div class='ocr_page' id='page_1' title='image "./studiapraeserti00groegoog_0033.png"; bbox 0 0 3466 5536; ppageno 0'>
   <div class='ocr_carea' id='block_1_1' title="bbox 954 807 996 870">
    <p class='ocr_par' dir='ltr' id='par_1_1' title="bbox 954 807 996 870">
     <span class='ocr_line' id='line_1_1' title="bbox 954 807 996 870; baseline 0 0"><span class='ocrx_word' id='word_1_1' title='bbox 954 807 996 870; x_wconf 97' lang='grc'>22</span> 
     </span>
    </p>
   </div>
   <div class='ocr_carea' id='block_1_2' title="bbox 410 999 1543 1658">
    <p class='ocr_par' dir='ltr' id='par_1_2' title="bbox 410 999 1543 1658">
     <span class='ocr_line' id='line_1_2' title="bbox 410 999 1543 1089; baseline 0.001 -24"><span class='ocrx_word' id='word_1_2' title='bbox 410 1000 552 1082; x_wconf 89' lang='lat' dir='ltr'>tionem,</span> <span class='ocrx_word' id='word_1_3' title='bbox 577 1000 765 1067; x_wconf 79' lang='lat' dir='ltr'>inconsulte</span> <span class='ocrx_word' id='word_1_4' title='bbox 789 1001 970 1089; x_wconf 74' lang='lat' dir='ltr'>repetitam</span> <span class='ocrx_word' id='word_1_5' title='bbox 995 1023 1016 1067; x_wconf 92' lang='lat' dir='ltr'>a</span> <span class='ocrx_word' id='word_1_6' title='bbox 1038 999 1212 1066; x_wconf 86' lang='lat' dir='ltr'>Dindorfio</span> <span class='ocrx_word' id='word_1_7' title='bbox 1235 1001 1270 1065; x_wconf 91' lang='lat' dir='ltr'>in</span> <span class='ocrx_word' id='word_1_8' title='bbox 1292 999 1416 1067; x_wconf 80' lang='lat' dir='ltr'>lexico:</span> <span class='ocrx_word' id='word_1_9' title='bbox 1445 1025 1543 1084; x_wconf 81' lang='lat' dir='ltr'>„num</span> 
     </span>
     <span class='ocr_line' id='line_1_3' title="bbox 411 1142 1540 1230; baseline 0 -22"><span class='ocrx_word' id='word_1_10' title='bbox 411 1146 537 1209; x_wconf 88' lang='lat' dir='ltr'>metum</span> <span class='ocrx_word' id='word_1_11' title='bbox 571 1145 724 1209; x_wconf 91' lang='lat' dir='ltr'>vestrum</span> <span class='ocrx_word' id='word_1_12' title='bbox 758 1164 803 1208; x_wconf 91' lang='lat' dir='ltr'>an</span> <span class='ocrx_word' id='word_1_13' title='bbox 837 1143 1006 1210; x_wconf 86' lang='lat' dir='ltr'>desideria</span> <span class='ocrx_word' id='word_1_14' title='bbox 1039 1165 1168 1210; x_wconf 89' lang='lat' dir='ltr'>mecum</span> <span class='ocrx_word' id='word_1_15' title='bbox 1198 1142 1476 1211; x_wconf 71' lang='lat' dir='ltr'>communicaturi</span> <span class='ocrx_word' id='word_1_16' title='bbox 1506 1144 1540 1230; x_wconf 86' lang='lat' dir='ltr'>(l)</span> 
     </span>
     <span class='ocr_line' id='line_1_4' title="bbox 413 1283 1542 1375; baseline 0.002 -23"><span class='ocrx_word' id='word_1_17' title='bbox 413 1284 593 1352; x_wconf 77' lang='lat' dir='ltr'>adestis?”</span> <span class='ocrx_word' id='word_1_18' title='bbox 629 1285 705 1352; x_wconf 89' lang='lat' dir='ltr'>Non</span> <span class='ocrx_word' id='word_1_19' title='bbox 739 1285 827 1351; x_wconf 89' lang='lat' dir='ltr'>enim</span> <span class='ocrx_word' id='word_1_20' title='bbox 861 1285 993 1372; x_wconf 82' lang='lat' dir='ltr'>legitur</span> <span class='ocrx_word' id='word_1_21' title='bbox 1028 1283 1218 1366; x_wconf 77' lang='grc' dir='ltr'><strong><em>στέρξοιτες,</em></strong></span> <span class='ocrx_word' id='word_1_22' title='bbox 1252 1286 1357 1375; x_wconf 88' lang='lat' dir='ltr'>quod,</span> <span class='ocrx_word' id='word_1_23' title='bbox 1389 1287 1542 1374; x_wconf 89' lang='lat' dir='ltr'>quamvis</span> 
     </span>
     <span class='ocr_line' id='line_1_5' title="bbox 413 1427 1542 1517; baseline 0.004 -25"><span class='ocrx_word' id='word_1_24' title='bbox 413 1427 682 1511; x_wconf 70' lang='lat' dir='ltr'>dubitabundus,</span> <span class='ocrx_word' id='word_1_25' title='bbox 713 1428 888 1516; x_wconf 86' lang='lat' dir='ltr'>proposuit</span> <span class='ocrx_word' id='word_1_26' title='bbox 918 1428 1098 1496; x_wconf 86' lang='lat' dir='ltr'>Wecklein</span> <span class='ocrx_word' id='word_1_27' title='bbox 1126 1427 1213 1514; x_wconf 87' lang='lat' dir='ltr'>„Ars</span> <span class='ocrx_word' id='word_1_28' title='bbox 1239 1429 1409 1517; x_wconf 87' lang='lat' dir='ltr'>Sophoclis</span> <span class='ocrx_word' id='word_1_29' title='bbox 1434 1453 1542 1496; x_wconf 86' lang='lat' dir='ltr'>emen·</span> 
     </span>
     <span class='ocr_line' id='line_1_6' title="bbox 413 1567 1073 1658; baseline -0.003 -23"><span class='ocrx_word' id='word_1_30' title='bbox 413 1569 545 1636; x_wconf 89' lang='lat' dir='ltr'>dandi&#39;&#39;</span> <span class='ocrx_word' id='word_1_31' title='bbox 568 1592 623 1657; x_wconf 82' lang='lat' dir='ltr'>pg.</span> <span class='ocrx_word' id='word_1_32' title='bbox 650 1571 709 1654; x_wconf 80' lang='lat'>38,</span> <span class='ocrx_word' id='word_1_33' title='bbox 739 1570 799 1636; x_wconf 90' lang='lat' dir='ltr'>sed</span> <span class='ocrx_word' id='word_1_34' title='bbox 825 1567 1015 1651; x_wconf 67' lang='grc' dir='ltr'><strong><em>στέρξαντες.</em></strong></span> <span class='ocrx_word' id='word_1_35' title='bbox 1044 1570 1073 1658; x_wconf 88' lang='grc'>1)</span> 
     </span>
    </p>
   </div>
   <div class='ocr_carea' id='block_1_3' title="bbox 458 1712 1542 1802">
    <p class='ocr_par' dir='ltr' id='par_1_3' title="bbox 458 1712 1542 1802">
     <span class='ocr_line' id='line_1_7' title="bbox 458 1712 1542 1802; baseline 0.003 -25"><span class='ocrx_word' id='word_1_36' title='bbox 458 1712 597 1779; x_wconf 87' lang='lat' dir='ltr'>Minime</span> <span class='ocrx_word' id='word_1_37' title='bbox 629 1716 743 1780; x_wconf 88' lang='lat' dir='ltr'>autem</span> <span class='ocrx_word' id='word_1_38' title='bbox 772 1713 903 1801; x_wconf 88' lang='lat' dir='ltr'>placet,</span> <span class='ocrx_word' id='word_1_39' title='bbox 932 1713 1020 1802; x_wconf 90' lang='lat' dir='ltr'>quod</span> <span class='ocrx_word' id='word_1_40' title='bbox 1050 1714 1105 1781; x_wconf 92' lang='lat' dir='ltr'>vir</span> <span class='ocrx_word' id='word_1_41' title='bbox 1128 1715 1244 1782; x_wconf 90' lang='lat' dir='ltr'>doctus</span> <span class='ocrx_word' id='word_1_42' title='bbox 1268 1714 1305 1780; x_wconf 93' lang='lat' dir='ltr'>in</span> <span class='ocrx_word' id='word_1_43' title='bbox 1327 1714 1436 1782; x_wconf 90' lang='lat' dir='ltr'>diario</span> <span class='ocrx_word' id='word_1_44' title='bbox 1460 1714 1542 1782; x_wconf 87' lang='lat' dir='ltr'>clas-</span> 
     </span>
    </p>
   </div>
   <div class='ocr_carea' id='block_1_4' title="bbox 415 1853 1543 1947">
    <p class='ocr_par' dir='ltr' id='par_1_4' title="bbox 415 1853 1543 1947">
     <span class='ocr_line' id='line_1_8' title="bbox 415 1853 1543 1947; baseline 0.005 -27"><span class='ocrx_word' id='word_1_45' title='bbox 415 1855 481 1920; x_wconf 90' lang='lat' dir='ltr'>sico</span> <span class='ocrx_word' id='word_1_46' title='bbox 512 1853 598 1940; x_wconf 83' lang='lat' dir='ltr'><strong>(XII</strong></span> <span class='ocrx_word' id='word_1_47' title='bbox 621 1878 676 1942; x_wconf 84' lang='lat' dir='ltr'>pg.</span> <span class='ocrx_word' id='word_1_48' title='bbox 701 1857 778 1940; x_wconf 79' lang='lat'>342)</span> <span class='ocrx_word' id='word_1_49' title='bbox 808 1856 951 1923; x_wconf 88' lang='lat' dir='ltr'>coniecit</span> <span class='ocrx_word' id='word_1_50' title='bbox 980 1855 997 1931; x_wconf 78' lang='grc' dir='ltr'>ἢ</span> <span class='ocrx_word' id='word_1_51' title='bbox 1029 1858 1067 1920; x_wconf 82' lang='grc' dir='ltr'>οὐ</span> <span class='ocrx_word' id='word_1_52' title='bbox 1090 1855 1270 1938; x_wconf 69' lang='grc' dir='ltr'><em>στέρξαντες</em></span> <span class='ocrx_word' id='word_1_53' title='bbox 1295 1858 1372 1941; x_wconf 91' lang='lat' dir='ltr'>(non</span> <span class='ocrx_word' id='word_1_54' title='bbox 1396 1859 1543 1947; x_wconf 90' lang='lat' dir='ltr'>acquies-</span> 
     </span>
    </p>
   </div>
   <div class='ocr_carea' id='block_1_5' title="bbox 414 1998 1546 3368">
    <p class='ocr_par' dir='ltr' id='par_1_5' title="bbox 414 1998 1543 2371">
     <span class='ocr_line' id='line_1_9' title="bbox 415 1998 1543 2085; baseline 0.004 -22"><span class='ocrx_word' id='word_1_55' title='bbox 415 2002 529 2065; x_wconf 88' lang='lat' dir='ltr'>centes</span> <span class='ocrx_word' id='word_1_56' title='bbox 565 1998 629 2065; x_wconf 88' lang='lat' dir='ltr'>teli</span> <span class='ocrx_word' id='word_1_57' title='bbox 663 2022 776 2065; x_wconf 89' lang='lat' dir='ltr'>rerum</span> <span class='ocrx_word' id='word_1_58' title='bbox 808 1998 932 2085; x_wconf 90' lang='lat' dir='ltr'>statu):</span> <span class='ocrx_word' id='word_1_59' title='bbox 965 2000 1056 2068; x_wconf 88' lang='lat' dir='ltr'>cives</span> <span class='ocrx_word' id='word_1_60' title='bbox 1080 1999 1257 2066; x_wconf 83' lang='lat' dir='ltr'>Thebanos</span> <span class='ocrx_word' id='word_1_61' title='bbox 1281 2000 1380 2067; x_wconf 89' lang='lat' dir='ltr'>malis</span> <span class='ocrx_word' id='word_1_62' title='bbox 1403 2024 1468 2066; x_wconf 91' lang='lat' dir='ltr'>non</span> <span class='ocrx_word' id='word_1_63' title='bbox 1492 2022 1543 2068; x_wconf 87' lang='lat' dir='ltr'>ac·</span> 
     </span>
     <span class='ocr_line' id='line_1_10' title="bbox 414 2139 1543 2230; baseline 0.004 -26"><span class='ocrx_word' id='word_1_64' title='bbox 414 2139 586 2227; x_wconf 85' lang='lat' dir='ltr'>quiescere</span> <span class='ocrx_word' id='word_1_65' title='bbox 607 2163 647 2206; x_wconf 84' lang='lat' dir='ltr'>ex</span> <span class='ocrx_word' id='word_1_66' title='bbox 667 2141 742 2227; x_wconf 89' lang='lat' dir='ltr'>ipsa</span> <span class='ocrx_word' id='word_1_67' title='bbox 763 2141 1007 2228; x_wconf 85' lang='lat' dir='ltr'>supplicatione</span> <span class='ocrx_word' id='word_1_68' title='bbox 1026 2141 1110 2208; x_wconf 89' lang='lat' dir='ltr'>satis</span> <span class='ocrx_word' id='word_1_69' title='bbox 1131 2146 1237 2230; x_wconf 90' lang='lat' dir='ltr'>patet.</span> <span class='ocrx_word' id='word_1_70' title='bbox 1257 2142 1399 2209; x_wconf 88' lang='lat' dir='ltr'>Eanden</span> <span class='ocrx_word' id='word_1_71' title='bbox 1418 2143 1543 2210; x_wconf 88' lang='lat' dir='ltr'>coniec-</span> 
     </span>
     <span class='ocr_line' id='line_1_11' title="bbox 415 2282 1364 2371; baseline -0.002 -21"><span class='ocrx_word' id='word_1_72' title='bbox 415 2287 529 2350; x_wconf 90' lang='lat' dir='ltr'>turam</span> <span class='ocrx_word' id='word_1_73' title='bbox 551 2282 715 2370; x_wconf 90' lang='lat' dir='ltr'>repetivit</span> <span class='ocrx_word' id='word_1_74' title='bbox 738 2282 972 2370; x_wconf 83' lang='lat' dir='ltr'>Mergoliouth</span> <span class='ocrx_word' id='word_1_75' title='bbox 995 2283 1093 2351; x_wconf 85' lang='lat' dir='ltr'>Stud.</span> <span class='ocrx_word' id='word_1_76' title='bbox 1119 2307 1206 2350; x_wconf 87' lang='lat' dir='ltr'>scen.</span> <span class='ocrx_word' id='word_1_77' title='bbox 1230 2308 1285 2371; x_wconf 86' lang='lat' dir='ltr'>pg.</span> <span class='ocrx_word' id='word_1_78' title='bbox 1311 2286 1364 2350; x_wconf 89' lang='lat'>35.</span> 
     </span>
    </p>

    <p class='ocr_par' dir='ltr' id='par_1_6' title="bbox 416 2423 1543 2634">
     <span class='ocr_line' id='line_1_12' title="bbox 459 2423 1543 2513; baseline 0.003 -23"><span class='ocrx_word' id='word_1_79' title='bbox 459 2424 578 2490; x_wconf 91' lang='lat' dir='ltr'>Bruhn</span> <span class='ocrx_word' id='word_1_80' title='bbox 601 2425 794 2512; x_wconf 89' lang='lat' dir='ltr'>nuperrime</span> <span class='ocrx_word' id='word_1_81' title='bbox 818 2425 992 2513; x_wconf 90' lang='lat' dir='ltr'>proposuit</span> <span class='ocrx_word' id='word_1_82' title='bbox 1010 2423 1165 2499; x_wconf 61' lang='grc' dir='ltr'><strong><em>δείσαντες</em></strong></span> <span class='ocrx_word' id='word_1_83' title='bbox 1188 2424 1244 2490; x_wconf 76' lang='grc' dir='ltr'>εἴτ’</span> <span class='ocrx_word' id='word_1_84' title='bbox 1269 2424 1430 2507; x_wconf 76' lang='grc' dir='ltr'><strong><em>εἵρξοντες,</em></strong></span> <span class='ocrx_word' id='word_1_85' title='bbox 1451 2430 1543 2493; x_wconf 88' lang='lat' dir='ltr'>recte</span> 
     </span>
     <span class='ocr_line' id='line_1_13' title="bbox 416 2566 857 2634; baseline 0.002 -2"><span class='ocrx_word' id='word_1_86' title='bbox 416 2567 588 2634; x_wconf 82' lang='lat' dir='ltr'>refutatus</span> <span class='ocrx_word' id='word_1_87' title='bbox 613 2588 634 2632; x_wconf 90' lang='lat' dir='ltr'>a</span> <span class='ocrx_word' id='word_1_88' title='bbox 655 2566 857 2634; x_wconf 84' lang='lat' dir='ltr'>Wecklinio.</span> 
     </span>
    </p>

    <p class='ocr_par' dir='ltr' id='par_1_7' title="bbox 416 2708 1546 3368">
     <span class='ocr_line' id='line_1_14' title="bbox 462 2708 1543 2797; baseline 0.005 -25"><span class='ocrx_word' id='word_1_89' title='bbox 462 2708 604 2775; x_wconf 87' lang='lat' dir='ltr'>Heathii</span> <span class='ocrx_word' id='word_1_90' title='bbox 647 2708 828 2796; x_wconf 86' lang='lat' dir='ltr'>explicatio</span> <span class='ocrx_word' id='word_1_91' title='bbox 874 2709 1074 2797; x_wconf 87' lang='lat' dir='ltr'>„cupientes</span> <span class='ocrx_word' id='word_1_92' title='bbox 1109 2710 1151 2797; x_wconf 70' lang='lat' dir='ltr'>(P)</span> <span class='ocrx_word' id='word_1_93' title='bbox 1187 2715 1248 2778; x_wconf 89' lang='lat' dir='ltr'>aut</span> <span class='ocrx_word' id='word_1_94' title='bbox 1281 2711 1513 2779; x_wconf 87' lang='lat' dir='ltr'>desiderantes</span> <span class='ocrx_word' id='word_1_95' title='bbox 1525 2711 1543 2739; x_wconf 78' lang='lat'>&#39;⁹</span> 
     </span>
     <span class='ocr_line' id='line_1_15' title="bbox 416 2850 1545 2940; baseline 0.004 -25"><span class='ocrx_word' id='word_1_96' title='bbox 416 2850 500 2915; x_wconf 91' lang='lat' dir='ltr'>mihi</span> <span class='ocrx_word' id='word_1_97' title='bbox 534 2852 675 2916; x_wconf 89' lang='lat' dir='ltr'>obscura</span> <span class='ocrx_word' id='word_1_98' title='bbox 710 2853 780 2916; x_wconf 91' lang='lat' dir='ltr'>est:</span> <span class='ocrx_word' id='word_1_99' title='bbox 815 2851 998 2919; x_wconf 89' lang='lat' dir='ltr'>Elmsleius</span> <span class='ocrx_word' id='word_1_100' title='bbox 1032 2858 1199 2940; x_wconf 90' lang='lat' dir='ltr'>postremo</span> <span class='ocrx_word' id='word_1_101' title='bbox 1234 2853 1277 2920; x_wconf 87' lang='lat' dir='ltr'>ad</span> <span class='ocrx_word' id='word_1_102' title='bbox 1315 2853 1404 2921; x_wconf 88' lang='lat' dir='ltr'>hunc</span> <span class='ocrx_word' id='word_1_103' title='bbox 1436 2854 1545 2921; x_wconf 90' lang='lat' dir='ltr'>locum</span> 
     </span>
     <span class='ocr_line' id='line_1_16' title="bbox 418 2992 1545 3084; baseline 0.004 -26"><span class='ocrx_word' id='word_1_104' title='bbox 418 2992 559 3059; x_wconf 87' lang='lat' dir='ltr'>adnotat</span> <span class='ocrx_word' id='word_1_105' title='bbox 593 2992 739 3058; x_wconf 89' lang='lat' dir='ltr'>fortasse</span> <span class='ocrx_word' id='word_1_106' title='bbox 774 2993 976 3060; x_wconf 86' lang='lat' dir='ltr'>vertendum</span> <span class='ocrx_word' id='word_1_107' title='bbox 1010 3018 1100 3062; x_wconf 91' lang='lat' dir='ltr'>esse:</span> <span class='ocrx_word' id='word_1_108' title='bbox 1128 2999 1290 3081; x_wconf 81' lang='lat' dir='ltr'>„metune</span> <span class='ocrx_word' id='word_1_109' title='bbox 1312 2996 1476 3084; x_wconf 89' lang='lat' dir='ltr'>perculsi,</span> <span class='ocrx_word' id='word_1_110' title='bbox 1502 3018 1545 3062; x_wconf 91' lang='lat' dir='ltr'>an</span> 
     </span>
     <span class='ocr_line' id='line_1_17' title="bbox 418 3135 1546 3226; baseline 0.001 -23"><span class='ocrx_word' id='word_1_111' title='bbox 418 3158 508 3224; x_wconf 87' lang='lat' dir='ltr'>spem</span> <span class='ocrx_word' id='word_1_112' title='bbox 545 3136 665 3202; x_wconf 89' lang='lat' dir='ltr'>salutis</span> <span class='ocrx_word' id='word_1_113' title='bbox 699 3135 895 3203; x_wconf 87' lang='lat' dir='ltr'>habentes.&#39;’</span> <span class='ocrx_word' id='word_1_114' title='bbox 932 3136 1106 3224; x_wconf 90' lang='lat' dir='ltr'>Oppositio</span> <span class='ocrx_word' id='word_1_115' title='bbox 1129 3139 1374 3226; x_wconf 87' lang='lat' dir='ltr'>pulcherrima,</span> <span class='ocrx_word' id='word_1_116' title='bbox 1400 3138 1546 3206; x_wconf 91' lang='lat' dir='ltr'>simodo</span> 
     </span>
     <span class='ocr_line' id='line_1_18' title="bbox 419 3278 1100 3368; baseline 0.004 -23"><span class='ocrx_word' id='word_1_117' title='bbox 419 3303 460 3345; x_wconf 86' lang='lat' dir='ltr'>ex</span> <span class='ocrx_word' id='word_1_118' title='bbox 483 3278 565 3366; x_wconf 89' lang='lat' dir='ltr'>ipsis</span> <span class='ocrx_word' id='word_1_119' title='bbox 589 3283 708 3367; x_wconf 89' lang='lat' dir='ltr'>poetae</span> <span class='ocrx_word' id='word_1_120' title='bbox 731 3279 845 3347; x_wconf 88' lang='lat' dir='ltr'>verbis</span> <span class='ocrx_word' id='word_1_121' title='bbox 870 3279 947 3347; x_wconf 87' lang='lat' dir='ltr'>elici</span> <span class='ocrx_word' id='word_1_122' title='bbox 971 3283 1100 3368; x_wconf 87' lang='lat' dir='ltr'>posset!</span> 
     </span>
    </p>
   </div>
   <div class='ocr_carea' id='block_1_6' title="bbox 463 3421 1547 3512">
    <p class='ocr_par' dir='ltr' id='par_1_8' title="bbox 463 3421 1547 3512">
     <span class='ocr_line' id='line_1_19' title="bbox 463 3421 1547 3512; baseline 0.003 -26"><span class='ocrx_word' id='word_1_123' title='bbox 463 3421 571 3488; x_wconf 89' lang='lat' dir='ltr'>Locus</span> <span class='ocrx_word' id='word_1_124' title='bbox 614 3421 833 3488; x_wconf 87' lang='lat' dir='ltr'>difficillimus</span> <span class='ocrx_word' id='word_1_125' title='bbox 874 3421 984 3489; x_wconf 91' lang='lat' dir='ltr'>lucem</span> <span class='ocrx_word' id='word_1_126' title='bbox 1027 3423 1177 3512; x_wconf 89' lang='lat' dir='ltr'>accipere</span> <span class='ocrx_word' id='word_1_127' title='bbox 1219 3424 1301 3490; x_wconf 92' lang='lat' dir='ltr'>mihi</span> <span class='ocrx_word' id='word_1_128' title='bbox 1335 3424 1472 3492; x_wconf 91' lang='lat' dir='ltr'>videtur</span> <span class='ocrx_word' id='word_1_129' title='bbox 1507 3447 1547 3490; x_wconf 86' lang='lat' dir='ltr'>ex</span> 
     </span>
    </p>
   </div>
   <div class='ocr_carea' id='block_1_7' title="bbox 313 3557 613 3633">
    <p class='ocr_par' dir='ltr' id='par_1_9' title="bbox 313 3557 613 3633">
     <span class='ocr_line' id='line_1_20' title="bbox 313 3557 613 3633; baseline -0.01 -1"><span class='ocrx_word' id='word_1_130' title='bbox 313 3557 316 3562; x_wconf 41' lang='lat'><strong><em>¹</em></strong></span> <span class='ocrx_word' id='word_1_131' title='bbox 420 3589 486 3633; x_wconf 90' lang='lat' dir='ltr'>vss.</span> <span class='ocrx_word' id='word_1_132' title='bbox 509 3566 613 3630; x_wconf 79' lang='lat'>4-5:</span> 
     </span>
    </p>
   </div>
   <div class='ocr_carea' id='block_1_8' title="bbox 419 3790 1556 4647">
    <p class='ocr_par' dir='ltr' id='par_1_10' title="bbox 419 3790 1556 4545">
     <span class='ocr_line' id='line_1_21' title="bbox 462 3790 1556 3866; baseline -0.002 -18"><span class='ocrx_word' id='word_1_133' title='bbox 462 3791 488 3861; x_wconf 85' lang='grc'>1)</span> <span class='ocrx_word' id='word_1_134' title='bbox 510 3791 598 3848; x_wconf 85' lang='lat' dir='ltr'>Docta</span> <span class='ocrx_word' id='word_1_135' title='bbox 627 3790 660 3848; x_wconf 90' lang='lat' dir='ltr'>de</span> <span class='ocrx_word' id='word_1_136' title='bbox 688 3790 770 3848; x_wconf 85' lang='lat' dir='ltr'>verbo</span> <span class='ocrx_word' id='word_1_137' title='bbox 799 3793 912 3857; x_wconf 76' lang='grc' dir='ltr'><strong><em>ιιέρρειι</em></strong></span> <span class='ocrx_word' id='word_1_138' title='bbox 943 3790 1093 3866; x_wconf 85' lang='lat' dir='ltr'>disputatio</span> <span class='ocrx_word' id='word_1_139' title='bbox 1122 3791 1249 3850; x_wconf 85' lang='lat' dir='ltr'>videatur</span> <span class='ocrx_word' id='word_1_140' title='bbox 1278 3791 1352 3864; x_wconf 85' lang='lat' dir='ltr'>apud</span> <span class='ocrx_word' id='word_1_141' title='bbox 1379 3791 1556 3850; x_wconf 84' lang='lat' dir='ltr'>Schuetzium</span> 
     </span>
     <span class='ocr_line' id='line_1_22' title="bbox 419 3887 1553 3962; baseline -0.002 -16"><span class='ocrx_word' id='word_1_142' title='bbox 419 3887 648 3962; x_wconf 79' lang='lat' dir='ltr'>«Sophokleische</span> <span class='ocrx_word' id='word_1_143' title='bbox 678 3887 813 3945; x_wconf 78' lang='lat' dir='ltr'>Studien»</span> <span class='ocrx_word' id='word_1_144' title='bbox 841 3904 886 3960; x_wconf 81' lang='lat' dir='ltr'>pg.</span> <span class='ocrx_word' id='word_1_145' title='bbox 915 3889 1042 3949; x_wconf 80' lang='lat'><strong>70-72.</strong></span> <span class='ocrx_word' id='word_1_146' title='bbox 1069 3889 1133 3948; x_wconf 90' lang='lat' dir='ltr'>Noli</span> <span class='ocrx_word' id='word_1_147' title='bbox 1153 3889 1278 3947; x_wconf 87' lang='lat' dir='ltr'>dubitare</span> <span class='ocrx_word' id='word_1_148' title='bbox 1298 3889 1370 3947; x_wconf 90' lang='lat' dir='ltr'>idem</span> <span class='ocrx_word' id='word_1_149' title='bbox 1390 3889 1553 3948; x_wconf 87' lang='lat' dir='ltr'>vocabulum</span> 
     </span>
     <span class='ocr_line' id='line_1_23' title="bbox 419 3984 1553 4052; baseline 0.001 -9"><span class='ocrx_word' id='word_1_150' title='bbox 419 4001 481 4043; x_wconf 89' lang='lat' dir='ltr'>cum</span> <span class='ocrx_word' id='word_1_151' title='bbox 502 3984 703 4043; x_wconf 86' lang='lat' dir='ltr'>Schneidewino</span> <span class='ocrx_word' id='word_1_152' title='bbox 723 3984 866 4044; x_wconf 89' lang='lat' dir='ltr'>restituere</span> <span class='ocrx_word' id='word_1_153' title='bbox 886 3985 932 4043; x_wconf 88' lang='lat' dir='ltr'>Ai.</span> <span class='ocrx_word' id='word_1_154' title='bbox 954 3986 1013 4045; x_wconf 79' lang='grc'>499</span> <span class='ocrx_word' id='word_1_155' title='bbox 1034 3987 1081 4044; x_wconf 90' lang='lat' dir='ltr'>ubi</span> <span class='ocrx_word' id='word_1_156' title='bbox 1099 3988 1130 4045; x_wconf 87' lang='lat' dir='ltr'>L.</span> <span class='ocrx_word' id='word_1_157' title='bbox 1147 3987 1229 4045; x_wconf 87' lang='lat' dir='ltr'>habet</span> <span class='ocrx_word' id='word_1_158' title='bbox 1245 3985 1340 4038; x_wconf 74' lang='grc' dir='ltr'><strong><em>δούλιον</em></strong></span> <span class='ocrx_word' id='word_1_159' title='bbox 1357 3989 1443 4052; x_wconf 69' lang='grc' dir='ltr'><strong><em>’ἕξειν</em></strong></span> <span class='ocrx_word' id='word_1_160' title='bbox 1461 3984 1553 4051; x_wconf 70' lang='grc' dir='ltr'><strong><em>τροφήν</em></strong></span> 
     </span>
     <span class='ocr_line' id='line_1_24' title="bbox 419 4080 1554 4159; baseline 0.001 -19"><span class='ocrx_word' id='word_1_161' title='bbox 419 4082 514 4155; x_wconf 85' lang='lat' dir='ltr'>(vulgo</span> <span class='ocrx_word' id='word_1_162' title='bbox 534 4082 594 4141; x_wconf 89' lang='lat' dir='ltr'>sine</span> <span class='ocrx_word' id='word_1_163' title='bbox 613 4082 709 4140; x_wconf 88' lang='lat' dir='ltr'>idonea</span> <span class='ocrx_word' id='word_1_164' title='bbox 728 4098 812 4140; x_wconf 88' lang='lat' dir='ltr'>causa</span> <span class='ocrx_word' id='word_1_165' title='bbox 830 4085 967 4140; x_wconf 80' lang='lat' dir='ltr'>mutatum</span> <span class='ocrx_word' id='word_1_166' title='bbox 987 4084 1016 4141; x_wconf 92' lang='lat' dir='ltr'>in</span> <span class='ocrx_word' id='word_1_167' title='bbox 1036 4080 1168 4159; x_wconf 54' lang='lat' dir='ltr'>novaram:</span> <span class='ocrx_word' id='word_1_168' title='bbox 1186 4083 1319 4158; x_wconf 87' lang='lat' dir='ltr'>optimum</span> <span class='ocrx_word' id='word_1_169' title='bbox 1338 4081 1554 4141; x_wconf 85' lang='lat' dir='ltr'>enimhabemns</span> 
     </span>
     <span class='ocr_line' id='line_1_25' title="bbox 421 4179 1554 4252; baseline 0.002 -16"><span class='ocrx_word' id='word_1_170' title='bbox 421 4196 547 4248; x_wconf 90' lang='lat' dir='ltr'>sensum,</span> <span class='ocrx_word' id='word_1_171' title='bbox 586 4179 609 4237; x_wconf 91' lang='lat' dir='ltr'>si</span> <span class='ocrx_word' id='word_1_172' title='bbox 646 4179 780 4252; x_wconf 86' lang='lat' dir='ltr'>legimns:</span> <span class='ocrx_word' id='word_1_173' title='bbox 817 4181 916 4232; x_wconf 73' lang='grc' dir='ltr'><strong><em>δούλιον</em></strong></span> <span class='ocrx_word' id='word_1_174' title='bbox 941 4181 1096 4247; x_wconf 75' lang='grc' dir='ltr'>στέρξειν</span> <span class='ocrx_word' id='word_1_175' title='bbox 1122 4185 1229 4252; x_wconf 73' lang='grc' dir='ltr'><strong><em>τροφήν,</em></strong></span> <span class='ocrx_word' id='word_1_176' title='bbox 1256 4182 1319 4240; x_wconf 88' lang='lat' dir='ltr'>coll.</span> <span class='ocrx_word' id='word_1_177' title='bbox 1349 4181 1446 4240; x_wconf 84' lang='lat' dir='ltr'>Trach.</span> <span class='ocrx_word' id='word_1_178' title='bbox 1479 4180 1554 4252; x_wconf 87' lang='grc'>992,</span> 
     </span>
     <span class='ocr_line' id='line_1_26' title="bbox 420 4276 1556 4353; baseline 0.001 -19"><span class='ocrx_word' id='word_1_179' title='bbox 420 4295 587 4351; x_wconf 86' lang='lat' dir='ltr'>quamquam</span> <span class='ocrx_word' id='word_1_180' title='bbox 627 4294 683 4335; x_wconf 91' lang='lat' dir='ltr'>non</span> <span class='ocrx_word' id='word_1_181' title='bbox 712 4278 804 4350; x_wconf 85' lang='lat' dir='ltr'>inepte</span> <span class='ocrx_word' id='word_1_182' title='bbox 833 4276 872 4336; x_wconf 88' lang='lat' dir='ltr'>ibi</span> <span class='ocrx_word' id='word_1_183' title='bbox 903 4276 1045 4350; x_wconf 84' lang='lat' dir='ltr'>scripseris</span> <span class='ocrx_word' id='word_1_184' title='bbox 1071 4287 1124 4340; x_wconf 73' lang='grc' dir='ltr'><strong><em>ιιιις</em></strong></span> <span class='ocrx_word' id='word_1_185' title='bbox 1152 4281 1180 4331; x_wconf 71' lang='grc' dir='ltr'><strong><em>ἂι</em></strong></span> <span class='ocrx_word' id='word_1_186' title='bbox 1197 4287 1208 4348; x_wconf 87' lang='grc' dir='ltr'><strong><em>ρ</em></strong></span> <span class='ocrx_word' id='word_1_187' title='bbox 1226 4285 1385 4348; x_wconf 80' lang='grc' dir='ltr'><strong><em>ιιέξιιιρι</em></strong></span> <span class='ocrx_word' id='word_1_188' title='bbox 1424 4277 1556 4353; x_wconf 84' lang='lat' dir='ltr'>(taceam)</span> 
     </span>
     <span class='ocr_line' id='line_1_27' title="bbox 421 4374 1554 4449; baseline 0.001 -22"><span class='ocrx_word' id='word_1_189' title='bbox 421 4377 496 4427; x_wconf 77' lang='grc' dir='ltr'><strong><em>κσιιιόν</em></strong></span> <span class='ocrx_word' id='word_1_190' title='bbox 518 4375 586 4426; x_wconf 69' lang='grc' dir='ltr'><em>’τάδε</em></span> <span class='ocrx_word' id='word_1_191' title='bbox 619 4376 744 4442; x_wconf 76' lang='grc' dir='ltr'><strong><em>λεύσσων,</em></strong></span> <span class='ocrx_word' id='word_1_192' title='bbox 772 4375 938 4449; x_wconf 68' lang='lat' dir='ltr'>comparatis</span> <span class='ocrx_word' id='word_1_193' title='bbox 975 4374 1050 4433; x_wconf 77' lang='lat' dir='ltr'>chori</span> <span class='ocrx_word' id='word_1_194' title='bbox 1088 4375 1179 4433; x_wconf 76' lang='lat' dir='ltr'>verbis</span> <span class='ocrx_word' id='word_1_195' title='bbox 1214 4378 1271 4428; x_wconf 72' lang='lat' dir='ltr'>dccv</span> <span class='ocrx_word' id='word_1_196' title='bbox 1294 4377 1323 4438; x_wconf 67' lang='grc' dir='ltr'>ἦν</span> <span class='ocrx_word' id='word_1_197' title='bbox 1347 4378 1431 4443; x_wconf 78' lang='grc' dir='ltr'><strong><em>κέρδος</em></strong></span> <span class='ocrx_word' id='word_1_198' title='bbox 1447 4379 1459 4448; x_wconf 77' lang='lat' dir='ltr'>l</span> <span class='ocrx_word' id='word_1_199' title='bbox 1476 4382 1554 4444; x_wconf 71' lang='grc' dir='ltr'><strong><em>σιγῇ</em></strong></span> 
     </span>
     <span class='ocr_line' id='line_1_28' title="bbox 421 4457 1040 4545; baseline 0.008 -23"><span class='ocrx_word' id='word_1_200' title='bbox 421 4470 562 4522; x_wconf 59' lang='lat' dir='ltr'>astitero.</span> <span class='ocrx_word' id='word_1_201' title='bbox 582 4457 648 4530; x_wconf 71' lang='lat' dir='ltr'>Vide</span> <span class='ocrx_word' id='word_1_202' title='bbox 667 4471 788 4545; x_wconf 79' lang='lat' dir='ltr'>Hesyeh‚</span> <span class='ocrx_word' id='word_1_203' title='bbox 809 4475 909 4538; x_wconf 77' lang='grc' dir='ltr'><strong><em>στέγει·</em></strong></span> <span class='ocrx_word' id='word_1_204' title='bbox 927 4473 1040 4537; x_wconf 77' lang='grc' dir='ltr'>κρύπτει.</span> 
     </span>
    </p>

    <p class='ocr_par' dir='ltr' id='par_1_11' title="bbox 461 4569 1220 4647">
     <span class='ocr_line' id='line_1_29' title="bbox 461 4569 1220 4647; baseline 0.004 -20"><span class='ocrx_word' id='word_1_205' title='bbox 461 4571 515 4642; x_wconf 78' lang='lat' dir='ltr'>(De</span> <span class='ocrx_word' id='word_1_206' title='bbox 534 4569 630 4628; x_wconf 86' lang='lat' dir='ltr'>formis</span> <span class='ocrx_word' id='word_1_207' title='bbox 650 4569 733 4634; x_wconf 80' lang='grc' dir='ltr'><strong><em>στέξω</em></strong></span> <span class='ocrx_word' id='word_1_208' title='bbox 753 4574 781 4630; x_wconf 91' lang='lat' dir='ltr'>et</span> <span class='ocrx_word' id='word_1_209' title='bbox 801 4571 897 4634; x_wconf 73' lang='grc' dir='ltr'>’έστεξσ</span> <span class='ocrx_word' id='word_1_210' title='bbox 918 4571 999 4647; x_wconf 87' lang='lat' dir='ltr'>plura</span> <span class='ocrx_word' id='word_1_211' title='bbox 1018 4571 1107 4630; x_wconf 85' lang='lat' dir='ltr'>dicam</span> <span class='ocrx_word' id='word_1_212' title='bbox 1126 4571 1220 4644; x_wconf 85' lang='lat' dir='ltr'>infra).</span> 
     </span>
    </p>
   </div>
   <div class='ocr_carea' id='block_1_9' title="bbox 0 0 1755 5536">
    <p class='ocr_par' dir='ltr' id='par_1_12' title="bbox 0 0 1755 5536">
     <span class='ocr_line' id='line_1_30' title="bbox 0 0 1755 5536; baseline 0 0"><span class='ocrx_word' id='word_1_213' title='bbox 0 0 1755 5536; x_wconf 95' lang='lat' dir='ltr'> </span> 
     </span>
    </p>
   </div>
  </div>
 </body>
</html>
