3490 5540
785 829 827 895 91

284 1024 429 1090 Praeter
458 1024 547 1091 locos
576 1025 698 1091 citatos
722 1026 765 1090 ab
788 1025 1034 1112 interpretibus
1058 1023 1190 1090 omnino
1214 1027 1268 1090 est
1290 1041 1373 1090 eom·

239 1167 429 1255 parandum
453 1166 604 1254 Theogn.
629 1168 694 1234 323
729 1167 773 1243 μή
798 1169 867 1230 ποτ’
891 1166 943 1230 ἐπὶ
967 1173 1081 1249 σμικρᾷ
1104 1164 1259 1246 προφάσει
1282 1165 1373 1245 Φίλαν

241 1307 322 1389 ἄνδρ’
357 1309 609 1382 ironiam,
655 1306 835 1385 πειθόμενος
877 1319 1024 1390 χαλεπῇ,
1064 1307 1172 1389 Κύρνε,
1207 1307 1371 1389 διοιιβολίῃ.

240 1451 275 1517 A
307 1452 412 1518 habet
445 1451 633 1524 ν’πολέσοιιι,
668 1461 723 1516 OK
754 1451 945 1532 ν’πολεόπῃς,
976 1452 1013 1518 C.
1037 1451 1201 1526 ἀπολέσῃς.
1236 1450 1373 1517 Hecker

240 1594 384 1660 coniecit
413 1595 589 1666 ν’ποειπεῖν,
619 1595 782 1680 Hartung
806 1596 976 1677 ιὶπολῦσοι,
1000 1593 1117 1680 Bergk
1141 1598 1176 1661 et
1198 1597 1275 1682 post
1297 1617 1373 1660 eum

241 1735 378 1802 Heclrer
401 1733 592 1798 οὶποᾶέοθοιι.

286 1878 446 1945 Fortasse
486 1878 607 1945 melius
650 1879 816 1966 placebit,
850 1879 939 1967 quud
973 1879 1166 1967 nuperrime
1200 1878 1374 1966 proposuit

242 2019 393 2107 Blaydes
417 2020 490 2086 scil.
514 2019 736 2096 ἀπόβολλε
761 2021 829 2105 (vel
852 2021 964 2110 potius
983 2019 1274 2104 ἀποβάλλειν),
1296 2021 1373 2087 duc-

242 2166 316 2245 tus,
340 2163 371 2228 si
392 2164 477 2229 bene
498 2163 644 2246 menini,
669 2165 708 2230 0.
732 2165 775 2230 R.
799 2164 972 2246 versibus,
997 2187 1101 2252 supra
1124 2163 1312 2251 exscriptis.

287 2305 460 2392 Zieglero,
504 2306 682 2372 adpetenti
721 2306 899 2391 vulgatam
939 2307 1085 2374 fortasse
1128 2329 1243 2374 sanam
1282 2329 1372 2390 esse,

242 2448 414 2511 ,ἐπιλέοοιιι
438 2453 551 2515 autem
574 2450 775 2516 vertendum
796 2473 858 2537 per
884 2449 1083 2533 „amittere”
1107 2452 1186 2531 (uon
1206 2449 1372 2536 perdere),

243 2612 354 2674 nemo,
378 2590 512 2678 opinor,
535 2591 638 2657 facile
665 2591 882 2658 assentietur.

221 2929 224 2934 .
288 2874 366 2941 nd.
401 2900 461 2942 vs.
496 2877 586 2942 623.

355 3026 414 3080 KP.
437 3017 471 3079 τί
491 3017 570 3092 δῆτιι
593 3014 736 3097 mitem
760 3013 779 3090 ἦ
800 3042 843 3094 με
864 3027 922 3094 γῆς
946 3016 1002 3092 ἔξω
1025 3017 1153 3094 βοιλεῖνς

332 3168 414 3222 ΟΙΔ.
438 3159 557 3233 ἥκιοτοι·
579 3158 717 3241 θνῄσκειν
739 3143 770 3224 οὔ
794 3165 905 3240 ῼνγεΐν
927 3185 962 3224 σε
985 3159 1148 3238 βούλομαι.

289 3301 499 3390 Comparatis
530 3303 684 3370 versibus
711 3303 897 3385 639-641,
920 3303 981 3368 ubi
1004 3303 1113 3370 Creon
1137 3304 1182 3369 ad
1205 3303 1373 3370 locustam

245 3445 331 3512 dicit
359 3443 493 3521 ἵμοιιμε,
525 3444 608 3508 δειλέ
631 3448 667 3521 μ’
690 3445 835 3517 Οἰδίπους
859 3447 872 3508 5
895 3446 946 3516 ote
967 3444 1054 3518 πέσις
1075 3448 1091 3531 Ι
1115 3445 1225 3526 δροῖσοι
1248 3446 1373 3519 δικοιοῖ,

244 3587 321 3649 δυοῖν
355 3587 517 3667 irruptum
550 3594 670 3660 κοικοῖν,
703 3587 714 3674 ¹l
742 3587 760 3661 ἢ
789 3597 846 3663 γῆς
876 3589 1000 3651 ἀπεῖπον
1032 3587 1198 3666 ποιπρίδος,
1220 3588 1238 3662 ἢ
1259 3595 1374 3652 κτεῖνοιι

245 3711 368 3805 redd-a,
388 3735 531 3817 apparet
553 3735 615 3796 aut
641 3754 690 3798 vs.
715 3731 799 3815 623,
824 3734 885 3796 aut
907 3755 974 3798 vss.
998 3732 1373 3819 639-64100rrupt0s

246 3894 328 3938 esse.
363 3871 407 3935 In
428 3896 478 3938 vs.
502 3872 568 3938 623
592 3872 680 3937 enim
704 3872 786 3938 Oed.
809 3872 910 3940 dicit:
942 3895 1154 3962 nequaqnam
1175 3874 1212 3939 in
1235 3875 1373 3940 exilium

245 4018 280 4080 te
304 4035 419 4100 agam,
443 4014 528 4080 mori
551 4017 586 4080 te
611 4014 702 4098 volo,
725 4037 791 4080 non
810 4015 959 4081 exulare.
978 4015 1100 4083 Paucis
1120 4039 1201 4084 vero
1219 4017 1374 4084 versibus

244 4159 321 4242 post
354 4155 464 4222 Creon
494 4156 542 4223 sic
564 4156 732 4245 loquitur:
757 4160 818 4223 aut
839 4157 877 4222 in
898 4157 1038 4224 exilium
1061 4179 1181 4243 agere,
1206 4163 1268 4224 ant
1290 4159 1374 4226 occi·

245 4298 325 4364 dere
358 4321 410 4365 me
440 4299 518 4367 vult
545 4298 703 4387 Oedipus.
738 4299 815 4366 Non
839 4299 965 4366 sufficit
986 4299 1152 4387 Brunelrii
1175 4300 1373 4388 explicatio:

249 4441 353 4522 ,boni
375 4441 511 4524 ominis,
534 4445 575 4508 ut
596 4441 751 4518 ridetur,
786 4442 920 4528 gratia,
946 4443 1085 4510 obscure
1108 4443 1160 4529 (Ξ)
1186 4444 1373 4531 signifieat,

245 4583 334 4671 quod
357 4606 460 4671 supra
484 4584 632 4672 Oedipus
657 4589 775 4672 aperte
798 4585 918 4651 dixit.”
943 4586 1114 4667 Quomodo
1137 4590 1251 4654 tamen
1269 4590 1376 4656 verba
