3490 5540
772 790 836 856 119

236 991 394 1077 indigna,
430 1012 517 1078 quae
547 987 779 1056 consideretur
813 986 909 1054 varia
933 990 986 1054 est
1007 985 1125 1067 lectio,
1150 1005 1250 1072 qnam
1273 1005 1368 1071 prae·

236 1137 296 1201 bet
319 1134 420 1201 Teles
445 1132 535 1220 apud
560 1131 743 1198 Stobaeum
765 1129 856 1196 Flor.
883 1129 1032 1196 95—21:

413 1274 448 1338 τὸ
470 1272 611 1353 μὲνγὰρ
635 1272 717 1349 ὑμῶν
741 1270 838 1347 ἄλγος
861 1273 904 1343 εἰς
927 1269 958 1335 ἓν
982 1269 1110 1352 ἔρχεται

415 1417 474 1494 ἐγὼ
496 1416 524 1480 δ’
550 1416 681 1490 ἐμαυτὸν
704 1414 756 1479 nai
781 1413 868 1478 πόλιν
891 1413 944 1478 καὶ
966 1414 1001 1478 σὲ
1024 1413 1136 1486 στένω,

280 1562 339 1627 nbi
357 1561 403 1628 lli.
417 1560 570 1627 Schmidt
593 1558 736 1626 coniecit
756 1557 1001 1622 καταστένω.
1021 1558 1120 1624 Hanc
1140 1556 1368 1623 coniecturam

237 1705 387 1793 recipere
422 1708 538 1770 tamen
572 1702 774 1784 dubitarim,
810 1701 1013 1789 comparatis
1044 1701 1127 1765 Eur.
1151 1699 1276 1765 Phoen.
1300 1700 1367 1764 437

238 1850 354 1910 παῦσαι
379 1843 471 1909 πόνων
504 1867 554 1920 με
585 1842 637 1907 καὶ
667 1844 709 1907 σὲ
740 1842 792 1907 καὶ
815 1844 920 1906 πᾶσαν
950 1841 1085 1915 πόλιν,
1109 1842 1148 1908 Ο.
1173 1841 1210 1908 C.
1235 1843 1301 1907 754
1324 1839 1367 1912 εἰς

237 1991 279 2053 σὲ
316 1988 421 2065 κάμὲ
458 1987 510 2051 καὶ
543 1987 577 2050 τὸ
612 1988 675 2051 πᾶν
703 1985 833 2067 γένος,
877 2008 958 2074 quos
992 1985 1080 2052 locos
1115 1985 1202 2051 citat
1235 1983 1367 2051 Nauck.

237 2131 395 2218 Elmsley
428 2152 527 2218 porro
562 2132 598 2195 et
628 2153 660 2195 v.
685 2127 897 2195 Herwerdeu
927 2128 1160 2195 commendant
1189 2127 1369 2194 lectionem

238 2273 280 2345 εἰς
316 2275 331 2337 ἒ
338 2297 352 2336 ν
388 2271 534 2354 ἔρχεται,
568 2293 669 2359 qnam
700 2269 854 2336 defendit
883 2270 983 2336 huius
1014 2270 1151 2336 fabulae
1174 2293 1223 2338 vs.
1247 2270 1312 2337 519
1336 2270 1367 2332 οὐ

237 2414 296 2495 γὰρ
327 2413 370 2486 εἰς
401 2413 555 2477 ἁπλοῦν
579 2412 590 2499 l
619 2414 637 2486 ἡ
665 2409 765 2490 ζημία
794 2436 846 2490 μοι
872 2415 924 2475 τοῦ
948 2412 1038 2489 λόγου
1061 2411 1165 2476 τούτου
1189 2411 1276 2492 φέρει
1298 2412 1364 2475 κτὲ.

280 2556 386 2622 Pauci
407 2558 588 2644 praeterea
610 2555 739 2621 codices
762 2557 929 2643 praebent
947 2553 1001 2627 ἕν,
1022 2554 1145 2621 Suidas
1165 2578 1192 2620 s.
1205 2579 1237 2622 v.
1253 2553 1366 2632 γνωτός

236 2701 344 2764 totum
368 2697 458 2763 hunc
479 2697 588 2763 locum
611 2697 715 2763 citat:
738 2697 788 2762 ibi
812 2695 848 2762 G.
874 2697 962 2762 Med.
986 2697 1092 2764 habet
1114 2695 1293 2763 lectionem
1323 2693 1363 2772 ἕν,

237 2841 275 2906 Ε.
301 2841 390 2907 Med.
425 2838 500 2904 αὑτό
531 2845 567 2907 et
594 2838 682 2904 ἄλλο.
718 2840 885 2907 Similiter
916 2839 1026 2907 Schol.
1051 2841 1110 2908 Tr.
1136 2841 1223 2914 1090
1246 2840 1365 2921 ἀφορῶν

235 2985 277 3055 εἷς
311 2981 378 3046 ἕνα
412 2980 538 3046 ἕκαστον
570 2983 665 3061 μέλος
699 2982 848 3063 δυσφορεῑ
877 2983 954 3055 κτὲ.,
988 3006 1064 3049 cum
1096 2980 1270 3049 Brunckio
1303 3006 1364 3070 pro

235 3123 287 3189 ἕνα
309 3125 491 3213 legendnm
513 3129 567 3192 est
590 3123 630 3188 ἕν.

279 3268 457 3356 Sophocles
498 3272 613 3335 autem
652 3266 770 3354 procul
810 3267 912 3333 dubio
955 3267 1073 3354 sripsit
1114 3269 1157 3340 εἷς
1191 3265 1239 3340 ἕν,
1275 3268 1364 3356 quod

234 3411 449 3498 magistellos
470 3411 620 3478 mutavit
641 3411 678 3476 in
700 3410 743 3482 εἷς
765 3409 816 3483 ἕν’,
838 3411 938 3477 simul
964 3411 1110 3478 fortasse
1130 3412 1363 3500 explicationis

235 3573 337 3620 cansa
360 3553 476 3620 addito
499 3552 586 3630 μόνον
607 3551 682 3617 καθ’
706 3553 795 3617 αὑτὸν
816 3552 926 3616 κούδέ(
951 3550 1055 3617 ἄλλον.

278 3696 451 3764 Postremo
496 3695 634 3762 criticus
679 3696 791 3763 nescio
836 3695 911 3784 quis
946 3695 1131 3762 offenditur
1164 3696 1277 3763 verbis
1311 3695 1364 3760 καὶ

235 3839 336 3916 σ’ὂμοῦ
379 3840 440 3925 (vs.
475 3839 549 3925 65),
589 3839 678 3926 quod
720 3838 868 3926 Oedipus
901 3838 1022 3926 incipit
1055 3832 1076 3900 ὦ
1110 3837 1222 3910 παῖδες
1257 3825 1366 3920 οἲκτροί

236 3982 270 4067 (2
302 4005 391 4070 pers.
421 3981 535 4070 plum),
566 4003 696 4069 semper
720 3980 860 4048 adhibet
882 4004 1058 4047 numerum
1080 3982 1249 4069 pluralem
1271 4005 1362 4062 προσ-

235 4122 347 4198 ήλ3ε5’
392 4125 472 4212 (59),
509 4128 621 4187 concire
654 4123 734 4208 (60),
770 4124 804 4187 τὸ
837 4125 896 4202 μὲν
928 4124 990 4205 γὰρ
1024 4125 1105 4201 ὑμῶν
1139 4123 1236 4200 ἄλγος
1281 4125 1361 4210 (63),

235 4266 402 4348 ἐξεγείρετε
435 4270 515 4353 (65),
563 4266 628 4330 ἴστε
663 4267 743 4354 (66).
790 4267 880 4334 Huic
924 4272 1039 4335 tamen
1083 4291 1150 4334 non
1183 4267 1361 4335 assentior.

234 4412 403 4480 Accurate
446 4409 618 4498 Sophoclis
652 4409 788 4477 fabulas
822 4411 977 4497 relegens
1012 4411 1112 4477 huius
1146 4434 1362 4477 numerorum

235 4556 412 4643 enallagae
435 4553 582 4643 plurima
601 4551 717 4618 inveni
736 4553 906 4642 exempla,
926 4577 1068 4642 quornm
1085 4553 1170 4621 haec
1182 4553 1360 4620 adnotavi:
