3490 5540
778 824 840 889 103

242 1016 440 1084 οὶνοοκόλονθον
459 1020 530 1101 πρὸς
550 1020 592 1084 τόν
611 1017 808 1096 ε’ννοογόμενοο,
821 1018 856 1080 τό
867 1015 996 1095 νομίζειν
1008 1019 1119 1098 ἑροντέον
1131 1019 1180 1081 τὸν
1192 1017 1343 1083 Οἰδίποδος
1360 1068 1370 1092 ,

241 1163 267 1227 εἰ
290 1162 346 1226 ὑπὸ
370 1161 557 1243 τοῦπατρὸς
581 1161 610 1249 (ἢ
634 1169 688 1236 τῆς
711 1160 834 1246 μητρός)
861 1158 1032 1237 ὠνομόοθκ.

286 1306 438 1372 Eandem
473 1305 730 1394 explicationem
765 1305 860 1372 dedit
893 1306 993 1391 gloss.
1026 1305 1116 1391 opud
1145 1305 1301 1390 Brunck;
1328 1306 1387 1373 de·

240 1449 356 1516 Bolhii
379 1449 533 1516 adhunc
556 1448 664 1516 locum
688 1448 880 1515 coniectura
902 1451 1017 1514 locere
1043 1446 1150 1514 satius
1175 1451 1238 1514 est.

284 1733 353 1799 Ad
386 1758 408 1802 v
421 1757 446 1800 S.
488 1734 624 1799 1145:

418 1872 464 1938 όδ’
489 1873 587 1948 ἐστίν,
611 1869 631 1937 ὦ
654 1877 727 1958 νόον,
752 1882 843 1948 κεῖνος
866 1871 896 1948 ὃς
918 1873 981 1939 τότ’
1007 1871 1038 1949 ἦν
1061 1875 1131 1948 νέος.

284 2019 388 2084 Immo
412 2017 537 2099 βρέφος.
570 2017 843 2106 Comparaverim
866 2018 975 2085 locum
998 2043 1015 2086 e
1038 2019 1162 2086 Phoen.
1187 2021 1367 2106 <nl-25):

439 2157 588 2241 όδ’ἡδονῇ
611 2159 704 2232 ’νδοὺς
727 2158 768 2232 εἵς
790 2184 826 2224 τε
851 2159 1000 2239 βακχεῖον
1025 2162 1123 2225 πεσὼν

438 2300 573 2383 ἔσπειρεν
594 2304 666 2380 ἡμῖν
689 2303 814 2376 nuile,
838 2303 889 2366 κκὶ
912 2302 1038 2384 σπείροις
1064 2303 1238 2385 βρέφος,

437 2445 524 2524 γνοὺς
546 2445 769 2523 fouendum
791 2450 843 2510 τοῦ
866 2444 938 2510 θεοῦ
961 2471 995 2511 τε
1018 2448 1071 2521 τὴν
1095 2445 1233 2527 φόνον,

438 2547 557 2664 λειμῶν’
587 2587 617 2659 ἐς
641 2587 739 2666 Ἥρκς
762 2587 814 2650 nal
838 2585 1019 2669 Κνθκνρῶνος
1043 2587 1143 2660 λέονκς

438 2730 551 2795 Sileon·
567 2729 748 2807 βουκόλοισιν
772 2728 905 2795 ε’κθεῖνκν
929 2730 1044 2811 βρέφος
1066 2731 1142 2803 κτὲ,
1216 2732 1220 2742 “

238 2874 297 2941 ubi
319 2878 419 2963 poeta
442 2874 614 2962 Sophoclis
636 2875 849 2961 tragoediam
873 2879 1043 2962 spectasse
1066 2874 1221 2958 videtum
1251 2874 1369 2940 fabula

239 3018 327 3085 enim
350 3018 537 3106 Euripidec
558 3019 595 3084 in
618 3041 751 3086 scenam
774 3022 852 3085 actu
876 3022 929 3085 est
952 3017 1043 3084 inter
1065 3040 1167 3085 annos
1179 3017 1367 3084 412-405.

237 3159 340 3249 Apud
380 3159 579 3249 Euripidem
621 3159 841 3248 suspicionem
875 3162 987 3228 movet
1021 3158 1174 3247 repiiiiio
1210 3160 1366 3227 vocabuli

238 3302 373 3385 βρέφος,
395 3327 463 3392 qua
485 3326 523 3370 re
546 3304 691 3370 fortasse
714 3303 827 3392 priore
850 3302 920 3369 loco
944 3326 1018 3369 cum
1037 3302 1230 3370 Wecklinio
1247 3303 1368 3389 legen·

232 3419 316 3512 'oum
347 3450 400 3513 est
429 3445 520 3524 ρον.
552 3445 639 3512 nio.
671 3447 737 3512 sce
766 3445 912 3533 Oedipus
936 3447 1078 3514 vocatur
1103 3443 1219 3525 ροερος
1243 3426 1399 3522 ἔκροον·

236 3587 327 3656 οἴκων.

281 3731 379 3799 Nunc
412 3731 510 3800 video
545 3732 659 3799 eodem
692 3731 803 3816 modo,
839 3755 903 3820 quo
939 3755 1017 3819 egO‚
1041 3732 1149 3799 locum
1172 3737 1366 3820 corruptum

236 3872 420 3941 correxisse
443 3856 623 3941 Wecklein
647 3875 727 3960 (Ars
751 3874 849 3962 Soph.
875 3896 1010 3962 em.·pg.
1032 3875 1098 3959 56),
1119 3874 1239 3940 Bruhn
1252 3878 1366 3941 autem

235 4015 271 4080 in
293 4015 476 4084 novissima
498 4016 536 4083 0.
561 4016 603 4082 R.
628 4015 775 4083 editione
799 4016 965 4103 recepisse
988 4015 1215 4083 coniecturam
1239 4015 1364 4097 βρέφος.

280 4157 406 4224 Eodem
428 4157 687 4224 Phoenisscmm
705 4157 775 4224 loco
788 4158 1004 4224 confirmolur
1024 4158 1186 4224 eorrectio
1206 4158 1363 4241 Nauokii,

235 4300 294 4388 qui
313 4324 438 4367 summo
457 4301 531 4367 iure
554 4324 603 4371 vs
630 4301 715 4367 1176
739 4305 850 4364 κτενεῖν
873 4324 914 4363 ννν
936 4299 1004 4372 τοὺς
1028 4298 1170 4371 τεκόντονς
1193 4294 1225 4373 ἦν
1248 4297 1364 4376 λόγος

235 4465 296 4530 pro
329 4439 460 4536 λόγος
500 4442 674 4530 proposuit
716 4441 857 4521 φόνος
892 4443 946 4528 (cf.
983 4439 1228 4522 θεσφάτων
1262 4439 1365 4520 γ’όκνῳ

234 4587 332 4648 κκκῶν
365 4609 417 4652 vs·
453 4587 562 4670 1175).
606 4585 762 4674 Suspicor
798 4583 886 4662 λόγος
920 4585 1087 4672 glossema
1120 4585 1225 4652 fuisse
1260 4607 1362 4654 verae
