3466 5536
942 817 984 888 18

399 1041 533 1088 sensum
556 1016 680 1107 optime
704 1041 746 1086 ex
767 1017 839 1107 ipso
860 1018 1049 1086 Aristotele
1069 1016 1237 1085 discimus.
1258 1015 1419 1104 Legimus
1440 1014 1528 1083 enim

397 1187 428 1251 p.
455 1163 541 1228 1427
565 1185 586 1228 a
610 1164 651 1228 7:
677 1160 923 1226 attentatarum
948 1159 1121 1242 οίμοίρτνμα
1144 1161 1196 1226 καί
1221 1159 1358 1241 οίτνχίαν
1383 1159 1419 1224 ἂν
1441 1160 1527 1241 διορί-

398 1303 468 1386 ζῃς,
492 1305 526 1369 τὸ
549 1303 605 1381 μὲν
629 1305 662 1367 ἐκ
686 1303 820 1385 προνοίας
842 1306 931 1369 κακίν
954 1328 984 1368 τι
1008 1311 1101 1368 ποιεῖν
1125 1305 1244 1369 οίδικίαν
1263 1302 1527 1383 rittodum-⁰51

398 1448 458 1511 δεῖν
490 1445 634 1528 τιμιορίαν
657 1445 709 1510 ε’τί
731 1452 793 1520 τοῖς
816 1445 956 1520 τοιούτοις
979 1448 1030 1520 τίιν
1054 1445 1203 1525 μεγίστην
1226 1445 1410 1525 λαμβοίνειν·
1436 1447 1470 1511 τὸ
1494 1446 1526 1510 δὲ

399 1588 443 1652 δι’
475 1585 639 1665 ν’ίγνοιαν
675 1586 829 1668 βλαβερόν
858 1612 888 1652 τι
919 1587 1065 1669 τροίττειν
1100 1587 1256 1670 οὶμαοτίαν
1291 1583 1366 1652 εἶναι
1402 1587 1526 1668 Φατέον.

396 1730 583 1798 Praeterea
616 1731 704 1799 citat
735 1731 954 1798 Bellermanu
987 1755 1019 1818 p.
1045 1731 1164 1797 rtaob
1190 1731 1248 1797 12:
1272 1734 1357 1811 τριῶν
1380 1731 1414 1804 a
1439 1731 1545 1805 οὐσῶν,

401 1871 531 1950 βλαβῶν
553 1878 609 1937 τῶν
633 1874 662 1936 ε’ν
684 1879 754 1946 ταῖς
776 1873 952 1947 κοινωνίαις,
976 1873 1018 1937 τοὶ
1041 1873 1098 1951 μὲν
1121 1875 1209 1951 μετ’
1233 1871 1346 1951 οὶγνοί
1353 1898 1396 1945 ας
1426 1873 1527 1952 αμαρ-

399 2013 529 2093 τνίματοί
553 2016 642 2078 ἐστιν.

443 2157 497 2224 Ex
519 2157 589 2242 his,
614 2180 700 2246 quae
724 2158 813 2243 dixi,
838 2158 999 2226 conficere
1022 2181 1213 2247 possumuS,
1234 2157 1316 2247 quid
1336 2157 1401 2224 sibi
1420 2157 1529 2224 velint

399 2301 489 2390 apud
513 2299 737 2368 Aristotelem
760 2303 924 2371 voeabula
945 2300 1151 2383 ἁμαρτάνειν,
1172 2300 1331 2383 ἁμαρτία,
1345 2299 1527 2383 οὶμοίρτνμα.

446 2442 636 2525 Ἀμαρτνίνει
672 2444 759 2510 enim
793 2445 842 2528 is,
875 2446 933 2534 qui
963 2444 1089 2511 inscius
1121 2448 1298 2533 perpetrat
1319 2445 1463 2528 factum,
1489 2467 1530 2510 ex

399 2609 463 2674 quo
486 2586 577 2652 mala
600 2586 666 2652 sibi
689 2589 725 2652 et
748 2586 824 2653 aliis
848 2592 1043 2655 naseuntur.
1072 2586 1101 2670 1)

445 2728 540 2794 Talis
575 2729 629 2797 vir
664 2732 779 2796 tamen
814 2730 855 2796 ab
888 2730 976 2795 omni
1008 2730 1108 2817 culpa
1137 2728 1226 2795 liber
1255 2732 1307 2796 est
1334 2728 1373 2813 2),
1398 2729 1528 2796 facinus

400 2872 471 2938 eius
500 2876 552 2939 est
584 2866 674 2936 οἶκον
702 2873 756 2955 (ef.
782 2874 820 2940 Ο.
845 2870 905 2956 (A),
929 2876 965 2939 et
989 2873 1100 2950 αννοῶν
1124 2872 1179 2959 (ef.
1204 2873 1242 2939 Ο.
1268 2871 1303 2940 0.
1330 2871 1426 2960 ι’ίνονς)
1453 2895 1529 2940 suas

400 3017 495 3080 creat
517 3013 682 3080 miserias,
707 3014 782 3080 Hae
805 3014 957 3081 notiones
981 3014 1153 3102 quadrant
1175 3015 1211 3081 in
1236 3015 1417 3103 Oedipum,
1430 3037 1529 3103 quam

401 3179 489 3240 rem,
513 3159 554 3221 ut
577 3155 730 3243 exposui,
756 3155 877 3244 Oedipi
901 3155 1061 3222 Colonaei
1084 3157 1185 3223 lectio
1211 3156 1396 3224 confirmat.

446 3297 607 3364 Pluribus
634 3297 716 3364 loeis
741 3297 830 3385 apud
860 3295 1084 3365 Aristotelem
1107 3321 1194 3387 quae
1217 3299 1288 3365 dixi
1310 3299 1531 3366 illustrantur

402 3464 430 3508 e.
451 3464 483 3527 g.
506 3465 538 3529 p.
561 3441 681 3506 1453a
706 3441 765 3506 18:
789 3444 835 3503 νῦν
858 3440 891 3504 δὲ
916 3438 982 3521 περὶ
1007 3439 1530 3524 ὀλίγαςοίιιίαςαἱκοίλλισταιτρα-

402 3583 510 3665 γῳδίαι
546 3582 756 3657 συντίθενται,
789 3579 844 3647 οἷον
879 3583 946 3664 περὶ
983 3584 1184 3663 Ἀλκμαίωνα
1217 3583 1270 3649 καί
1304 3585 1446 3666 Ὀρέστην
1480 3585 1532 3649 καὶ

402 3808 616 3818 -—-——-

444 3959 472 4038 1)
494 3957 565 4019 Cum
592 3978 686 4019 amara
712 3961 799 4020 ironia
829 3961 1009 4021 Prometheus
1040 3963 1092 4033 (vs.
1122 3960 1192 4033 266)
1224 3960 1306 4018 dicit:
1336 3966 1397 4016 ’έκον
1414 3966 1475 4017 ἕνον
1498 3993 1534 4001 -

399 4073 521 4137 [tp-apro:
557 4068 627 4126 «dos
664 4074 801 4138 ἁμάρτημα
836 4068 903 4127 wird
933 4068 984 4126 auf
1013 4068 1056 4127 die
1087 4067 1125 4124 im
1157 4069 1207 4140 fig.
1246 4067 1332 4126 Verso
1362 4069 1535 4141 angegebene

399 4173 748 4248 Niehtbortoksiohtigung
778 4175 825 4232 des
857 4175 971 4247 sigenen
997 4174 1122 4233 Nutzens
1142 4173 1322 4243 bosehrtinkt‚
1343 4173 1469 4232 wodureh
1490 4174 1536 4232 der

400 4281 542 4341 «Fehler»
574 4299 624 4339 zur
653 4281 732 4340 edlen
762 4282 834 4340 That
864 4283 1065 4356 umgeuandelt
1095 4282 1192 4340 uird.»
1224 4282 1258 4339 ef.
1289 4282 1357 4340 Ant.
1386 4281 1459 4352 924,
1490 4289 1537 4347 rto

404 4383 556 4448 δυσσέβειαν
573 4384 708 4448 εὖσεβοῦσ’
724 4381 879 4449 ἐκτησάμην.

446 4499 472 4567 2)
495 4500 536 4558 Of.
556 4500 742 4571 fragmentum
763 4501 920 4574 SophocliS,
940 4502 1012 4574 quod
1033 4504 1157 4560 servatur
1177 4500 1251 4574 apud
1272 4500 1416 4557 stobaeum
1433 4500 1487 4571 46,
1504 4501 1537 4558 6:

404 4602 467 4652 ttxur
486 4602 627 4667 δὀἱμοιοτὼν
646 4603 715 4662 οίίτις
733 4603 867 4668 οίνὲρώσιοιν
885 4608 968 4662 κακός.
