3490 5540
254 1017 475 1086 inveniuntur
506 1017 595 1106 apud
618 1017 797 1085 Wecklein
821 1019 857 1083 in
879 1018 966 1084 libro
989 1017 1048 1106 qui
1070 1017 1267 1085 inscribitur
1295 1019 1383 1102 „Ars

256 1160 426 1248 sophoclis
451 1159 681 1242 emendandi”‚
706 1183 761 1248 pg.
780 1161 824 1226 43
845 1165 880 1226 a
901 1160 1073 1246 Vollgraff
1089 1159 1185 1227 saa.
1207 1160 1384 1246 Palaeogr.
1523 1141 1527 1150 '

255 1325 310 1390 pg.
334 1303 394 1385 25,
430 1301 550 1390 quibus
582 1308 755 1369 sexcentos
785 1302 872 1369 locos
902 1301 1027 1368 addere
1050 1301 1165 1389 possis.
1202 1301 1258 1368 Sic
1281 1302 1384 1388 vulgo

254 1445 290 1510 in
322 1444 420 1511 libris
454 1445 693 1533 manuscriptis
727 1445 858 1531 legitur
892 1443 1041 1525 οἰκτείρειν
1078 1444 1118 1531 (e.
1143 1468 1176 1531 g.
1211 1443 1267 1511 Ai.
1302 1445 1382 1527 121,

254 1587 291 1654 Ο.
317 1586 352 1653 C.
379 1585 941 1675 10915151115551,1155111155
967 1591 1019 1654 est
1042 1608 1171 1655 verum.
1197 1587 1319 1674 Itaque
1346 1585 1383 1652 in

254 1731 320 1796 fine
354 1752 488 1812 versus,
524 1729 583 1794 ubi
613 1751 744 1796 errores
774 1729 875 1795 facile
906 1729 1063 1795 oriuntur
1097 1725 1296 1805 11156111,
1331 1751 1383 1794 me

253 1871 388 1960 quidem
423 1870 549 1954 iudice,
585 1876 779 1959 corruptum
815 1875 867 1938 est
901 1871 936 1936 in
971 1870 1122 1947 μηδενι.
1158 1871 1208 1936 Eo
1246 1870 1381 1937 facilius

254 2011 426 2089 μησθενι
459 2013 553 2080 abire
583 2014 695 2102 potuit
722 2013 758 2079 in
793 2012 951 2090 μηδενι,
987 2013 1075 2102 quod
1102 2012 1243 2080 litterae
1275 2010 1318 2075 a&
1348 2016 1383 2078 et

254 2179 292 2218 στ
326 2155 519 2244 saepissime
554 2179 619 2221 uno
654 2155 758 2232 ductu
788 2155 999 2239 scribuntur,
1032 2178 1096 2242 quo
1120 2155 1160 2221 fit
1184 2158 1223 2221 ut
1247 2154 1381 2221 confun-

253 2297 379 2365 dantur
401 2295 444 2361 σθ
468 2321 542 2365 cum
565 2296 588 2360 θ
614 2303 648 2365 et
670 2321 710 2362 στ
733 2321 806 2365 cum
829 2321 849 2360 τ
881 2298 936 2383 (cf.
968 2296 1117 2363 Dindcrf
1146 2297 1196 2364 ed.
1230 2297 1313 2364 Ox3.
1339 2297 1382 2363 ad

254 2441 292 2508 Ο.
324 2441 373 2522 R,
401 2440 474 2523 147,
507 2441 581 2523 205,
614 2441 689 2524 294,
721 2442 797 2524 446,
830 2441 905 2522 516,
938 2441 1012 2523 635,
1036 2440 1112 2523 874,
1149 2440 1245 2523 1036,
1285 2440 1379 2522 1045,

255 2584 350 2666 1515,
374 2583 462 2650 seca
487 2581 531 2648 aa
554 2566 628 2667 131,
652 2583 728 2667 151,
752 2582 827 2665 294,
853 2582 948 2665 1191,
974 2581 1083 2649 wolff
1103 2581 1147 2647 aa
1171 2581 1258 2666 134).

296 2725 463 2794 Similiter
497 2713 691 2812 corruptum
721 2723 804 2791 duco
833 2723 933 2791 huius
966 2723 1130 2791 dramatis
1167 2747 1232 2792 vss.
1269 2725 1378 2790 574-

253 2871 316 2936 575
341 2869 460 2954 (verba
483 2871 562 2934 sunt
586 2866 773 2954 Creontis):

407 3009 432 3074 εἰ
456 3010 512 3087 μὲν
535 3009 621 3086 λέγει
645 3008 726 3081 τάδ’,
750 3009 840 3080 αὐτὸς
863 3003 975 3072 οἷσθ’·
1001 3009 1059 3084 ἐγὼ
1082 3008 1115 3072 δὲ
1138 3012 1188 3072 σοῦ

406 3149 521 3230 μαθεῖν
544 3153 648 3216 δικαιῶ
670 3148 765 3214 ταῦθ’
789 3148 811 3215 al
835 3174 892 3231 περ
913 3152 1014 3228 κάμοῦ
1037 3150 1073 3214 σὺ
1096 3155 1152 3214 νῦν.

297 3287 418 3355 Totum
451 3286 582 3373 legenti
615 3289 808 3352 contextum
842 3285 917 3351 luce
948 3284 1016 3352 erit
1047 3284 1172 3352 clarius
1196 3285 1376 3352 restituen-

251 3431 329 3497 dum
364 3453 436 3498 esse
471 3425 537 3494 οἶδ’
573 3429 657 3512 (scil.
693 3429 867 3514 Tiresias),
898 3450 999 3518 quam
1021 3428 1249 3496 coniecturam
1272 3429 1376 3496 etiam

251 3574 334 3640 alibi
355 3573 479 3661 legisse
502 3572 585 3639 mihi
607 3573 734 3641 videor.

294 3859 362 3928 Ad
396 3887 418 3930 v
431 3884 446 3927 s
460 3886 485 3928 s.
523 3861 755 3927 1035-1037.

359 4003 426 4068 Οἰδ.
473 3999 597 4067 δεινόν
631 4003 662 4079 γ’
686 3999 793 4073 ὄνειδος
818 3999 998 4081 σπαργάνων
1023 4000 1192 4076 ἀνειλόμην.

338 4155 421 4222 Ayy.
470 4142 539 4209 ὥστ’
564 4142 741 4222 claudetne
765 4144 798 4206 ἐκ
820 4141 919 4222 τύχης
942 4141 1056 4215 ταύτης
1079 4137 1109 4214 ὃς
1133 4138 1165 4204 εἷ
1185 4142 1252 4229 (Ρ).

358 4287 425 4351 ῠὶδ.
472 4282 493 4351 ὦ
517 4287 588 4367 πρὸς
612 4285 705 4359 θεῶν,
731 4287 802 4367 πρὸς
826 4286 937 4366 μητρὸς
960 4285 976 4359 ἢ
1001 4283 1130 4365 marsim
1155 4283 1282 4365 Φράσον.

293 4429 444 4497 Calidius
480 4429 601 4497 Nauck
635 4454 700 4498 vss.
735 4429 954 4496 1035-1036
985 4428 1094 4495 eicere
1120 4429 1222 4512 velit;
1247 4428 1374 4514 longio-

248 4595 318 4638 rem
342 4572 383 4638 de
405 4575 479 4638 tuta
499 4595 599 4640 scena
618 4571 979 4660 disputationemtvide
999 4570 1088 4659 apud
1107 4596 1138 4639 v.
1152 4570 1372 4637 Herwerden.
