3490 5540
978 765 1020 830 66

476 959 557 1028 ibid.
573 961 658 1028 1113
683 961 722 1029 L.
743 961 788 1033 ὡς
811 959 993 1040 στρατεύειν,
1017 960 1085 1028 iam
1104 960 1263 1028 Lascaris
1286 961 1353 1026 aa}
1370 961 1561 1052 στρατεύειν,

429 1103 549 1170 melius
573 1103 728 1172 Wunder
757 1102 823 1168 καὶ
855 1101 1165 1184 συστρατεύειν,
1188 1103 1276 1192 quod
1301 1104 1430 1192 recepit
1452 1105 1561 1192 Papa-

432 1245 601 1332 georgius

474 1387 582 1455 Sobel.
618 1387 701 1456 Ant.
737 1389 781 1456 32
816 1386 972 1470 κηρύξαντ’
1002 1387 1097 1469 ἔχειν·
1131 1387 1198 1452 ave}
1221 1393 1272 1452 τοῦ
1294 1389 1490 1471 κεκνριιχέναι
1513 1392 1561 1463 ὡς

428 1531 461 1596 τύ
493 1532 622 1609 σιγήσας
656 1531 718 1612 ἔχιν
750 1531 817 1597 uiuri
841 1536 892 1596 τσῦ
915 1536 1000 1609 σιγῶ.
1025 1533 1065 1600 L.
1090 1531 1169 1606 καί,
1204 1532 1292 1621 quod
1314 1532 1388 1598 iure
1412 1533 1562 1600 correxit

429 1675 597 1742 Lasoaris.

473 1817 553 1885 ibid.
590 1818 655 1884 164
684 1818 750 1884 Pro
781 1816 847 1883 aui
872 1817 932 1883 ἔτι
962 1819 1051 1886 idom
1075 1819 1231 1886 Lasoaris
1256 1820 1412 1886 restituit
1434 1822 1479 1893 ὡς
1501 1819 1558 1884 ἔτι.

426 1961 581 2047 Vulgata
603 1964 717 2028 tamen
741 1959 877 2028 defendi
901 1964 1022 2049 potest.

471 2102 552 2168 ibid.
576 2105 651 2170 872.
677 2101 760 2190 [ὡς]
785 2101 847 2167 καί.
883 2103 963 2171 Iure
989 2103 1129 2170 seclusit
1152 2104 1351 2172 vocabulum
1375 2105 1420 2176 ὡς
1451 2104 1560 2191 Papa-

428 2245 597 2332 georgius.

471 2388 579 2456 Scbol.
606 2388 728 2455 Traoh.
761 2389 804 2455 94
834 2386 924 2451 αἰόλα
957 2385 1017 2462 νύξ·
1042 2385 1176 2465 μέλαινα
1199 2386 1264 2451 καὶ
1290 2387 1315 2450 οἱ
1337 2386 1476 2468 νεώτεροι.
1512 2389 1559 2459 ὥς

427 2531 452 2594 οἱ
475 2529 605 2612 νεύτεριι
628 2531 820 2597 necessaria
845 2534 897 2596 est
920 2530 1078 2597 Lasoaris
1102 2503 1300 2597 emendatio.
1320 2529 1431 2596 Possis
1454 2530 1559 2596 etiam

430 2669 511 2758 [ὡς]
536 2670 597 2734 καί.

471 2813 551 2880 ibid.
579 2814 642 2880 117
673 2813 712 2880 L.
737 2814 791 2884 ὡς.
827 2813 953 2880 Veram
981 2811 1160 2879 lectionem
1187 2811 1257 2877 και1
1286 2814 1438 2882 servavit
1471 2815 1557 2880 Lob-

426 2955 650 3039 kowioianuS,
696 2955 737 3020 de
778 2979 841 3042 quo
885 2955 995 3022 codiee
1037 2956 1105 3024 vid.
1147 2957 1417 3044 Papageorgium
1448 2958 1556 3045 praef.

449 3122 481 3184 g.
506 3098 569 3163 XI.

470 3239 551 3304 ibid.
582 3240 649 3305 434
676 3239 716 3306 L.
740 3237 808 3303 καὶ
831 3241 891 3317 μὴ,
917 3241 1075 3308 Lassaris
1100 3243 1145 3314 ὡς
1169 3244 1222 3318 μὴ.
1252 3242 1387 3310 Sufficit
1410 3243 1557 3309 fortasse

426 3382 661 3470 transpositio,
687 3404 786 3470 quam
808 3384 983 3471 proposuit
1004 3384 1258 3472 Papageorgius
1281 3385 1324 3463 ab
1347 3384 1409 3449 καί.

470 3524 551 3591 ibid.
577 3525 641 3590 697
653 3524 735 3590 Post
746 3525 944 3592 vocabulum
957 3527 1083 3606 ἀφανῶς
1096 3527 1253 3593 omissum
1266 3530 1318 3593 est
1329 3527 1557 3594 necessarium

425 3665 495 3729 καί
503 3719 509 3749 ,
534 3665 622 3754 quod
645 3666 790 3733 inseruit
813 3666 911 3734 idem.

470 3810 550 3877 ibid.
587 3812 652 3876 723
686 3811 811 3892 ταρβεῖν
846 3812 903 3888 μὲν
936 3810 1021 3893 ἔργα·
1055 3811 1174 3890 αένύγκνρ
1205 3814 1261 3890 μὲν
1284 3812 1489 3890 εὐλαβεῖσθαι
1512 3813 1556 3877 ταὶ

427 3951 509 4016 δειναὶ
534 3949 609 4033 ἔργα
633 3953 663 4015 σύ
689 3953 748 4034 χρὴ
773 3953 805 4016 δὲ
831 3953 961 4032 πρὸτῆς
986 3952 1140 4030 ε’κβύσεας
1158 3953 1225 4017 καὶ
1244 3958 1301 4017 τῶν
1319 3953 1556 4032 συμβησομένων

426 4091 579 4175 αἱρεῖσθαι
602 4092 642 4157 ταὶ
666 4092 758 4156 aava
783 4094 1035 4181 Papageorgius
1059 4095 1114 4158 καί
1131 4095 1341 4194 transposuit
1360 4101 1440 4163 ante
1459 4118 1555 4164 voca-

425 4237 541 4301 bulum
566 4235 629 4316 τιρύ.
654 4235 746 4302 Satis
771 4235 854 4319 erit,
878 4259 930 4302 me
953 4237 1080 4321 indies,
1106 4260 1298 4325 expungere
1318 4238 1471 4305 voculam
1490 4237 1554 4321 καί,

425 4401 511 4466 quae
534 4401 595 4466 per
618 4378 886 4466 dittographiam
908 4381 991 4444 nata
1016 4383 1068 4445 est
1092 4403 1132 4446 ex
1155 4378 1320 4456 εἰιβύσεας.

470 4521 603 4606 Lageus
634 4543 694 4606 per
723 4520 820 4586 hosce
853 4520 923 4585 dies
956 4520 1072 4608 Eurip.
1097 4521 1224 4588 Electr.
1254 4523 1388 4591 invenio
1412 4548 1443 4591 v.
1468 4523 1555 4590 Her-
