3466 5536
215 1037 302 1124 quod
337 1037 470 1125 quidem
502 1037 546 1104 ad
570 1060 703 1104 sensum
727 1037 872 1119 attinet,
896 1037 1051 1105 restituit
1075 1034 1172 1099 aava
1195 1032 1341 1114 cacalici·

214 1201 299 1255 μνον,
333 1201 433 1266 quam
466 1179 694 1245 coniecturam
728 1179 857 1266 recepit
885 1178 1012 1245 Bothe:
1036 1183 1207 1266 repugnat
1229 1184 1343 1244 tamen

214 1323 369 1386 metrum.
405 1321 473 1387 Sed
503 1321 632 1408 fugisse
662 1321 800 1388 videtur
830 1320 1007 1410 plerosque
1034 1321 1169 1388 criticos
1199 1321 1278 1386 Par.
1302 1321 1341 1384 B.

215 1461 374 1529 exhibere
408 1461 586 1529 lectionem
620 1461 733 1535 οὶῦτοὶν,
776 1463 864 1552 quod
897 1487 963 1530 non
999 1473 1051 1530 est
1084 1461 1342 1548 negligendum:

214 1602 311 1669 οὶϋοοὶν
347 1605 435 1671 enim
465 1605 590 1692 optime
621 1606 801 1693 explicatio
825 1629 897 1673 esse
920 1608 1033 1693 potest
1055 1604 1211 1672 vocabuli
1235 1601 1342 1684 οὶχοὶν,

214 1748 383 1835 glossema
417 1753 543 1832 autem,
579 1752 619 1814 ut
653 1749 800 1837 saepius,
836 1748 873 1814 in
902 1748 1011 1814 locum
1033 1769 1136 1816 verae
1159 1747 1256 1815 venit
1277 1747 1342 1813 lec-

214 1891 329 1958 tionis.
352 1928 395 1939 -

259 2032 394 2100 Attulit
416 2033 538 2101 Nauck
561 2033 605 2100 ad
627 1982 854 2101 coniecturam
874 2056 968 2100 suam
989 2033 1249 2100 confirmandam
1260 2031 1342 2098 Eur.

214 2176 340 2243 Phoen.
388 2177 474 2242 1750
526 2175 749 2257 ἀμφοβομίους
802 2175 911 2249 arcte,
959 2198 1115 2263 compara
1163 2179 1344 2263 praeterea

216 2319 366 2406 Theogn.
391 2321 456 2386 779
479 2317 613 2383 ποοοοὶνων
635 2341 671 2383 τε
693 2324 793 2399 χοροῖς
817 2317 927 2399 iaxta!
947 2342 982 2382 τε
1006 2318 1054 2382 σὸν
1078 2317 1145 2398 περ)
1169 2315 1280 2394 βωμόν.

260 2461 387 2529 Eodem
410 2461 521 2545 modo,
545 2485 609 2550 quo
633 2460 853 2542 ποροβώμνος,
884 2461 1033 2529 formata
1064 2466 1143 2528 sunt
1173 2457 1344 2541 προβώμνος

217 2602 291 2688 (Ion
325 2604 390 2669 376
425 2602 608 2683 προβωμίοις
642 2607 813 2688 coarctet)
845 2607 881 2670 et
911 2603 1077 2682 ἐποβῶμνος
1108 2602 1231 2688 (Andr.
1257 2603 1344 2669 1024

216 2745 269 2812 m.
294 2745 383 2832 715).

260 2888 318 2957 Ad
352 2892 459 2959 verba
491 2915 567 2957 mox
601 2892 778 2980 sequentia
807 2889 903 2955 ποινὰν
934 2888 1113 2968 bladastes
1136 2891 1344 2958 illustranda

215 3033 325 3100 multa
359 3033 513 3121 exempla
546 3035 588 3100 ab
622 3033 773 3100 omnibus
804 3033 1049 3122 interpretibus
1081 3040 1160 3100 sunt
1182 3033 1342 3115 laudata,

216 3175 337 3264 quibus
360 3175 447 3243 adde
470 3176 575 3262 Verg.
599 3174 685 3242 Aen.
710 3176 766 3259 II,
791 3176 874 3241 301:
898 3175 1192 3243 clarescunt
1215 3175 1343 3242 sonitus

217 3318 326 3404 (clara
348 3320 439 3404 vox),
463 3319 545 3386 ibid.
569 3320 676 3403 VIII,
706 3321 883 3387 528-529
914 3343 1010 3388 arma
1032 3359 1074 3367 —
1098 3321 1218 3390 vident
1242 3359 1285 3368 -
1308 3326 1344 3388 to

216 3484 308 3529 nare.
333 3462 376 3528 cf.
399 3459 503 3534 σκότος
526 3460 675 3539 βλέπειν,
698 3462 797 3542 <Dolba
819 3463 897 3544 ὁροῖν.

260 3748 330 3815 Ad
364 3772 424 3817 va.
460 3749 569 3815 221:

418 3888 533 3970 ἴχνενον
556 3888 646 3973 cord,
672 3891 715 3968 μὴ
739 3891 790 3954 οὐκ
813 3889 893 3971 ἔχων
915 3914 945 3954 το
969 3889 1132 3968 σύμβολον.

262 4032 342 4100 Sine
377 4054 480 4100 causa
512 4033 765 4116 Schneidewin,
801 4056 899 4122 quem
928 4034 1029 4100 multi
1052 4034 1159 4102 secuti
1182 4039 1278 4118 sunt,
1303 4058 1345 4102 ex

217 4174 420 4262 apographis
466 4175 635 4241 nonnullis
680 4175 837 4242 restituit
880 4155 1057 4243 lectionem
1098 4175 1202 4248 οὗτος,
1245 4177 1345 4242 simul

216 4315 330 4382 deleto
363 4316 525 4384 vocabulo
559 4318 613 4395 μή.
646 4318 791 4385 Praeter
826 4318 914 4384 enim
949 4318 1218 4386 Laurentianum
1242 4319 1344 4386 etiam

216 4457 296 4524 Par.
320 4460 359 4524 B.
384 4462 502 4526 tuetur
525 4460 720 4547 vulgatam,
752 4461 794 4528 de
824 4461 918 4527 cuius
942 4461 1064 4528 codicis
1088 4460 1154 4527 fide
1178 4482 1344 4548 compare-

217 4607 277 4667 tur
311 4601 436 4668 Kaibel
469 4602 505 4666 in
539 4602 752 4692 praefatione
787 4604 832 4671 ad
866 4602 1037 4694 Sophoclis
1072 4603 1265 4669 Electram:
1296 4602 1345 4668 ibi
