3466 5536
769 848 812 912 25

270 1043 387 1108 Lectio
421 1043 574 1113 στέκπες
608 1043 823 1129 aliquatenus
863 1044 1083 1109 confirmatur
1123 1066 1172 1110 vo.
1209 1043 1261 1110 17.
1295 1041 1353 1104 nbi

224 1185 328 1250 Laur.
364 1209 426 1272 pro
448 1185 639 1251 necessario
662 1182 879 1257 σθένεντες
901 1187 1045 1272 praebet
1066 1184 1245 1250 lectionem
1268 1183 1355 1245 στέ-

225 1350 339 1399 ππες,
361 1327 450 1415 quod
472 1327 619 1394 fortasse
643 1351 685 1393 ex
708 1352 757 1394 vs.
783 1330 823 1393 11
849 1329 1034 1416 repetitum
1056 1332 1119 1394 est.
1147 1327 1177 1411 ¹)

269 1469 381 1535 Simili
403 1470 500 1534 modo
523 1472 663 1535 verbum
686 1469 800 1533 στένειν
823 1470 1006 1536 adhibetur
1024 1469 1067 1536 de
1085 1493 1134 1551 eo,
1153 1469 1212 1558 qui
1231 1468 1357 1534 mortui

225 1615 350 1676 sortem
383 1610 486 1676 deflet
518 1635 546 1677 e.
569 1633 603 1696 g.
634 1611 724 1676 Phil.
749 1613 824 1694 338,
849 1613 908 1677 nbi
929 1611 1156 1694 PhilocteteS,
1179 1615 1356 1699 postquam

224 1753 463 1840 Neoptolemus
497 1755 607 1841 patris
638 1756 798 1821 narravit
820 1755 966 1838 exitum,
992 1755 1178 1821 exclamat:
1203 1755 1357 1834 ἐμηχανῶ

224 1896 259 1959 δὲ
284 1895 405 1976 ritem
428 1934 468 1943 -
494 1895 511 1970 ἢ
533 1903 625 1960 xri-m
655 1897 840 1982 (Achillem
869 1897 1051 1982 mortuum)
1090 1897 1222 1962 στένω.
1256 1896 1357 1962 Anti-

224 2061 314 2124 gona
334 2043 468 2125 patrem
490 2050 660 2105 mortuum
682 2038 840 2126 deplorat
863 2039 914 2121 (Ο.
927 2038 964 2104 C.
980 2040 1098 2107 mot:
1119 2037 1208 2115 ἔμμι
1228 2062 1263 2101 σε
1281 2037 1357 2111 ταδ’,

226 2175 248 2241 :i
271 2179 381 2260 πέτερ,
400 2181 472 2257 ἐμὶν
501 2206 505 2223 «
533 2181 669 2244 στένει
692 2182 825 2262 dupin.
843 2183 1032 2249 Praeterea
1051 2183 1199 2249 conferri
1217 2187 1358 2270 possunt

226 2324 266 2389 Ο.
290 2323 327 2389 C.
352 2325 456 2392 1647.
490 2325 548 2389 nbi
574 2327 689 2389 tamen
713 2323 847 2392 dubito.
871 2348 953 2390 num
973 2325 1077 2391 lectio
1099 2325 1252 2396 στὲπντες
1275 2347 1359 2391 sana

227 2466 291 2548 sit,
315 2465 370 2530 El.
396 2467 500 2548 1172,
526 2467 623 2533 1:212.

273 2608 400 2674 Eodem
435 2631 535 2675 sensu
563 2609 677 2674 utitur
699 2614 800 2697 poeta
823 2610 985 2676 vocabulo
1007 2608 1169 2689 στειὲχειν
1191 2610 1246 2676 El.
1271 2611 1354 2693 133,

230 2751 311 2833 141,
337 2753 442 2832 1076,
466 2751 633 2814 §mnam
655 2751 778 2818 Trach.
803 2752 879 2818 947.

273 2893 486 2960 Litterarum
503 2878 529 2956 ἶ
547 2900 582 2961 et
601 2880 629 2970 Ξ
647 2895 797 2961 confusio
821 2917 859 2960 eo
881 2893 1018 2961 facilius
1041 2894 1247 2982 explicatur,
1271 2896 1359 2982 qnod

228 3035 333 3101 codex
352 3037 533 3120 Mediceus,
550 3043 591 3105 ut
609 3037 678 3104 iam
691 3037 903 3104 Godofredns
914 3037 1131 3104 Hermannus
1144 3038 1180 3102 in
1191 3036 1359 3124 Aeschyli

229 3178 377 3244 editione
407 3180 621 3262 observavit,
653 3179 843 3267 descriptus
876 3185 929 3246 est
952 3203 994 3245 ex
1015 3180 1105 3245 libro
1127 3179 1256 3246 litteris
1279 3201 1360 3268 qua·

230 3319 341 3386 dratis
364 3332 513 3387 exarato.
537 3320 626 3388 l'ide
649 3346 682 3388 v.
702 3323 873 3389 Leeuwen
896 3321 1161 3406 „commentatio
1179 3320 1223 3386 de
1241 3320 1360 3387 Aiacis

232 3461 407 3549 Sophoclei
437 3463 617 3529 authentia
643 3468 679 3529 et
710 3463 935 3550 integritate”
971 3469 1006 3531 et
1037 3466 1077 3531 E.
1102 3467 1136 3532 J.
1160 3464 1266 3531 Kiehl
1292 3464 1360 3549 „de

231 3605 430 3672 Prometheo
452 3605 622 3692 Aeschyli
644 3606 753 3673 denuo
777 3607 926 3673 edendo''
950 3631 1006 3696 pg.
1029 3610 1074 3673 27
1098 3631 1168 3697 sqq.

276 3747 319 3813 In
350 3747 520 3834 Aeschyli
556 3748 771 3836 Supplicibus
802 3773 830 3816 e.
864 3773 898 3836 g.
928 3750 1104 3818 invenitur
1133 3776 1182 3819 vo.
1218 3752 1249 3816 2.
1284 3756 1362 3814 νκῖεν

233 3891 381 3969 igitr?
411 3914 473 3978 pro
504 3891 694 3957 necessario
716 3889 795 3954 vitra
818 3889 953 3971 ἐρὸέπζ
986 3892 1076 3980 quod
1098 3893 1253 3959 restituit
1276 3892 1363 3958 Tur-

233 4035 348 4100 nebus
394 4034 455 4100 Vs.
492 4036 534 4100 15
568 4034 699 4120 legitur
731 4057 844 4097 κεπσιι
876 4057 937 4122 pio
969 4035 1135 4116 nitur,
1179 4035 1223 4101 ad
1263 4057 1363 4122 quem

234 4176 342 4242 locum
386 4176 568 4243 Wecklein
607 4177 645 4241 in
686 4176 835 4242 editione
876 4175 1011 4244 Graeca
1044 4179 1203 4245 adnotat:
1235 4172 1363 4240 τσιεὶτι

278 4501 304 4569 ¹)
326 4499 440 4558 Inversa
468 4499 574 4557 rationo
602 4500 690 4557 Anth.
717 4501 779 4559 Pal.
804 4499 848 4558 VI
867 4499 921 4570 93,
943 4501 963 4558 4
982 4517 1033 4575 pro
1052 4503 1200 4568 ἔστεγεν
1218 4499 1367 4575 legendum

232 4611 368 4662 ἕσὲειον
386 4624 451 4666 cum
470 4607 604 4666 hoobsio.
