3490 5540
932 821 996 886 118

438 1019 538 1086 Hune
573 1041 708 1087 versum
744 1016 853 1084 eicere
887 1039 953 1084 non
988 1015 1112 1101 ausim
1147 1017 1298 1084 notando
1328 1021 1443 1084 tamen
1475 1022 1530 1085 est

393 1161 554 1250 repetitio
583 1160 821 1230 vocabulorum
852 1156 1016 1240 ἀνόρθωσον
1047 1155 1135 1222 uduo
1161 1158 1216 1244 (cf.
1241 1183 1290 1228 ve.
1314 1159 1382 1247 46),
1418 1183 1530 1248 neque

392 1301 556 1387 ἀσφαλείᾳ
581 1303 774 1390 significare
796 1304 910 1390 potest
933 1301 1094 1382 νίσφωλῶς.
1126 1301 1259 1368 Iniuria
1282 1301 1392 1403 citant
1415 1301 1531 1388 igitur

394 1447 600 1536 interpretes
631 1445 714 1512 Ant.
741 1445 805 1510 162
836 1441 956 1526 ἄνδρες,
980 1442 1023 1507 τοὶ
1046 1443 1103 1521 μὲν
1124 1442 1161 1516 δὴ
1186 1441 1293 1516 πόλεος
1325 1445 1530 1524 οὶσφννλῶς

393 1586 503 1672 &tots
515 1587 618 1669 πολλῷ
642 1585 726 1668 σοίλῳ
750 1584 923 1660 σείσονντες,
947 1583 1089 1667 ὤρθωσονν
1112 1584 1216 1650 σοὶλνν·
1238 1586 1286 1652 ibi
1307 1586 1396 1653 enim
1416 1587 1528 1666 νίσφω-

396 1733 454 1803 λῶρ
478 1727 580 1811 ὀρθοῦν
602 1733 695 1797 recte
721 1753 755 1797 se
779 1729 892 1796 habet.

440 1874 565 1940 Porum
598 1871 783 1961 probabilis
806 1871 945 1939 videtur
968 1871 1077 1939 Schol.
1103 1870 1300 1959 explicatio,
1329 1894 1428 1960 quum
1460 1872 1533 1940 ium

394 2015 563 2089 refutavit
574 2014 747 2082 Wunder:
771 2015 844 2078 ἀλλ’
868 2012 1041 2096 οὶσφωλείρν·
1065 2013 1169 2096 ysopo
1190 2015 1335 2095 νὶσφονλεῖ
1350 2014 1401 2080 nul
1425 2016 1529 2099 έχνρρῖ

395 2158 540 2242 εὐβουλίᾳ
570 2158 604 2222 τὸ
635 2157 768 2235 ἔμπεσον
790 2157 879 2222 κακὸν
902 2165 939 2238 τῇ
963 2155 1050 2221 πόλει
1073 2154 1255 2236 οἱνέρθωσονς
1279 2159 1386 2247 ipsius
1412 2163 1531 2226 autem

398 2303 466 2372 viri
488 2302 579 2370 docti
602 2301 715 2371 versio
741 2301 854 2387 ,erige
879 2300 1064 2382 civitatem,
1084 2303 1125 2366 ut
1147 2299 1246 2367 firmo
1270 2302 1359 2368 stet”
1384 2301 1529 2388 arridet;

398 2469 439 2513 ex
462 2445 633 2515 vocabulis
656 2448 772 2511 tamen
793 2444 882 2511 hunc
906 2467 1038 2511 sensum
1063 2444 1187 2512 elicere
1209 2468 1276 2511 non
1297 2469 1440 2534 possum.

440 2588 522 2655 Loci
541 2591 725 2676 postremo,
738 2610 837 2675 quem
848 2587 1042 2675 nuperrime
1055 2589 1098 2655 ud
1111 2587 1264 2655 dativum
1277 2589 1528 2657 defendendum

396 2730 553 2798 laudavit
575 2729 615 2796 E.
639 2729 758 2795 Bruhn
780 2728 867 2797 Xen.
893 2730 964 2797 scil.
987 2729 1073 2798 Inst.
1099 2730 1183 2818 Cyr.
1206 2731 1240 2799 V
1262 2771 1305 2777 —
1331 2732 1361 2815 3,
1385 2733 1428 2799 47
1455 2733 1468 2796 ὂ
1493 2731 1529 2796 δὲ

398 2876 488 2954 Κῦρος
522 2869 745 2956 ἐπιμελείᾳ
769 2872 802 2955 (i.
828 2895 856 2938 e.
884 2872 1060 2957 „studio”,
1092 2876 1132 2939 ut
1155 2877 1247 2940 recte
1272 2873 1398 2940 alicubi
1420 2875 1528 2962 expli·

397 3015 508 3102 catur)
532 3017 619 3078 τοῦτο
644 3011 754 3097 ἐποίει,
779 3013 879 3102 longe
902 3014 972 3082 ulia
996 3017 1048 3081 est
1072 3015 1171 3082 ratio.

443 3159 584 3242 Sensus,
608 3158 666 3246 qui
689 3161 803 3224 nostro
827 3157 898 3224 loco
921 3157 1125 3246 requiritur,
1151 3163 1221 3226 est:
1250 3157 1414 3241 ἀνόρθωσον
1431 3161 1529 3236 ,τήνδε

398 3299 501 3382 πόλον,
526 3296 602 3362 ἶοότε
626 3300 757 3379 οὶσφωλῆ
780 3297 941 3378 perseum.

443 3442 546 3526 (Olim
579 3442 616 3508 in
650 3442 717 3509 fine
746 3441 818 3509 fere
851 3442 997 3530 paginae
1029 3442 1191 3530 scriptum
1215 3443 1319 3510 fuisse
1343 3441 1430 3510 huno
1453 3467 1533 3510 ver·

400 3608 481 3669 sum,
502 3585 618 3673 itaque
637 3585 874 3673 interpolatori
888 3606 1004 3651 onsom
1017 3584 1149 3652 dedisse
1162 3607 1203 3652 ex
1215 3585 1345 3652 tabella
1357 3588 1530 3675 apparet.)

445 3869 513 3936 Ad
547 3892 636 3937 vss.
672 3870 826 3936 62-64:

577 4011 611 4075 τί
634 4012 691 4090 μὲν
713 4010 774 4093 γὰρ
798 4011 878 4088 ὑμῶν
903 4009 998 4089 ν’ίλνος
1022 4011 1065 4085 εἰς
1088 4009 1127 4075 ἕν’
1154 4009 1283 4092 έρχετοω

578 4153 664 4232 μόνον
687 4151 762 4218 κωθ’
786 4153 875 4217 νοῦσον
897 4152 1008 4216 κούδέν’
1033 4151 1144 4227 ἄλλον,
1169 4155 1185 4228 ἡ
1208 4153 1298 4232 δ’ἕροέρ

579 4297 667 4376 ψυχίρ
692 4294 779 4360 σίλνν
801 4319 837 4360 τε
860 4295 943 4372 κοίμὲ
967 4293 1019 4359 uoci
1042 4296 1143 4373 σ’ὁριοῦ
1167 4295 1276 4360 στένει.

444 4441 524 4506 Iure
559 4438 680 4506 Nauck
714 4443 750 4506 et
779 4463 811 4508 v.
841 4438 1052 4506 Herwerden
1082 4439 1119 4504 in
1149 4439 1369 4527 suspicionem
1392 4462 1532 4508 vocave-

400 4587 482 4647 runt
515 4582 667 4670 ineptum
694 4580 782 4647 illud
809 4579 893 4657 μίνον
924 4579 1000 4645 καθ’
1033 4580 1121 4646 uicto
1153 4581 1263 4646 κούδέν
1287 4580 1395 4656 ἄλλον,
1419 4605 1530 4673 neque
