3466 5536
756 839 798 905 39

214 1033 340 1100 Lenius
363 1056 444 1102 vero
462 1033 583 1101 Astius
603 1034 684 1101 edit.
706 1035 811 1101 Lond.
833 1034 914 1100 anni
935 1034 1020 1100 1722
1038 1041 1172 1102 secutus
1192 1037 1344 1105 tentavit

214 1176 323 1250 σὶηδῄς,
358 1175 380 1242 i.
405 1199 433 1243 e.
468 1176 528 1255 οὐχ
560 1175 741 1253 ἡδομένη.
775 1176 894 1265 Neque
925 1176 1085 1256 nauale,
1109 1199 1217 1266 neque
1249 1177 1342 1252 νὶηδῄς

213 1341 355 1407 usquam
389 1318 480 1407 apud
502 1318 698 1408 Sophoclem
720 1318 867 1405 legitur,
891 1319 1089 1386 adverbium
1113 1343 1194 1388 vero
1217 1320 1343 1395 νὶηδῶς

214 1461 409 1551 saepissime
442 1461 618 1530 invenitur
651 1462 688 1527 in
723 1461 858 1528 scholiis
894 1485 921 1528 e.
946 1484 979 1548 g.
1004 1462 1042 1528 Ο.
1067 1463 1109 1528 R.
1134 1463 1216 1545 673,
1242 1463 1280 1530 Ο.
1306 1463 1343 1530 Ο.

216 1605 319 1686 1687,
356 1604 478 1670 Trach.
510 1606 586 1670 250.
620 1604 686 1670 Pro
709 1603 915 1670 correctione
939 1603 1030 1678 ιίηδῄς
1053 1603 1192 1671 fortiter
1213 1604 1344 1672 militat

214 1769 289 1812 cum
310 1746 419 1824 locus,
443 1767 542 1833 quem
564 1767 653 1811 nunc
671 1748 875 1827 tractamus,
897 1749 970 1812 tum
987 1745 1113 1812 lenitas
1133 1746 1342 1814 mutationis.

259 2030 328 2097 Ad
361 2055 384 2099 v
397 2054 422 2097 s.
458 2030 530 2097 92:

416 2172 442 2236 εί
464 2173 556 2236 τῶνδε
580 2171 703 2254 χρῄζεις
727 2170 953 2251 πλησιαζόντων
975 2172 1094 2247 κλείειν,

416 2315 535 2394 ἕτοιμος
557 2317 669 2390 εἰπεῖν,
692 2314 754 2380 είτε
776 2316 842 2381 xci
865 2315 1001 2396 στείχειν
1024 2314 1089 2380 ἔσω.

259 2459 414 2548 Vulgata
437 2461 600 2549 explicari
621 2463 786 2549 potest,
811 2463 966 2528 contorta
988 2464 1104 2527 tamen
1123 2459 1272 2527 Nauckii
1292 2463 1345 2527 est

216 2602 411 2690 explicatio,
432 2601 491 2690 qui
513 2601 687 2669 contendit
709 2603 815 2670 verba
837 2599 899 2666 εἴτε
923 2640 966 2649 -
990 2600 1045 2665 ἔσω
1066 2601 1260 2688 significare
1280 2599 1343 2665 είτε

215 2741 349 2827 χρῄζεις,
372 2743 425 2809 nal
447 2743 584 2825 στείχειν
607 2742 665 2808 ἔσω
685 2741 805 2821 ἕτοιμός
828 2743 903 2821 εἶμι.

259 2886 390 2974 Ecquid
424 2887 602 2976 Sophocles
637 2910 698 2975 pro
731 2884 786 2950 ιωιί
820 2885 957 2974 scripsit
992 2886 1077 2967 χρῄί
1108 2887 1184 2953 Hac
1206 2891 1345 2975 accepta

215 3030 408 3097 coniectura
440 3032 550 3096 totum
579 3029 688 3096 locum
711 3028 759 3096 sic
782 3033 955 3095 construo:
979 3025 1099 3106 ἕτοιμός
1122 3030 1211 3112 (εἶμι)
1235 3028 1339 3104 εἰπεῖν,

215 3171 242 3236 εἶ
264 3172 356 3235 τῶνδε
379 3168 504 3253 χρῄζεις
527 3168 750 3249 πλησιαζόντων
771 3169 888 3243 κλύειν,
913 3168 976 3234 είτε
999 3171 1060 3251 χρὴ
1083 3170 1221 3251 στείχειν
1245 3168 1313 3236 ἔσω.

259 3313 311 3381 De
346 3313 522 3381 omissione
556 3313 713 3382 vocabuli
746 3312 814 3392 εἰμί
843 3317 920 3403 post
955 3311 1076 3392 ἕτοιμος
1111 3315 1153 3381 cf.
1190 3315 1246 3383 Ai.
1279 3316 1345 3382 813

215 3462 324 3539 χωρεῖν
357 3454 495 3534 ἕτοιμοι,
528 3457 653 3524 Phoen.
689 3457 771 3539 969,
803 3455 939 3523 Heraol.
964 3457 1046 3537 502,
1071 3457 1244 3524 Demosth.
1270 3456 1342 3554 lX‚

214 3602 238 3668 4
267 3600 292 3664 εἰ
321 3597 373 3665 δ’ὃι
402 3599 554 3682 συμφέρει
576 3599 668 3682 χωρίς
690 3598 853 3672 κνλωκείως
876 3596 1036 3674 ἐθελήσετ’
1062 3597 1196 3673 ἀκούειν,
1220 3597 1338 3677 ἕτοιμος

215 3740 326 3818 λέγειν.
350 3741 491 3829 Kriiger
515 3742 575 3825 62,
601 3743 637 3824 l,
662 3743 693 3809 5.

261 3883 351 3966 Quia
371 3887 487 3951 tamen
510 3882 658 3950 confusio
680 3882 772 3949 inter
794 3881 849 3946 καί
872 3887 907 3950 et
930 3883 991 3964 χρί
1014 3883 1098 3949 mihi
1122 3884 1242 3971 ignota
1273 3888 1343 3967 est,

215 4026 362 4094 fortasse
385 3983 494 4094 tutius
519 4026 587 4092 erit
609 4026 718 4092 locum
740 4024 801 4091 hoc
819 4025 916 4091 modo
937 4025 1071 4112 legere:

372 4169 398 4233 εἰ
420 4169 512 4233 τῶνδε
536 4164 660 4250 χρῄζεις
684 4166 908 4248 σλησιωζίντων
930 4135 1037 4232 κλύειν

372 4308 491 4389 ἕτοιμος
513 4312 624 4383 εἰπεῖν,
648 4309 709 4375 είτε
733 4309 786 4374 nal
808 4309 944 4390 στείχειν
968 4308 1025 4373 ἔσω
1040 4361 1135 4378 .....

806 4453 890 4534 (scil.
915 4450 1034 4535 θέλεις)

262 4598 349 4664 Tum
372 4597 537 4686 Oedipus,
568 4618 681 4663 morae
703 4596 883 4684 impatiens
906 4595 1127 4683 interrumpit
1150 4593 1345 4661 Creontem:
