3466 5536
957 789 1000 856 32

415 988 495 1052 sunt
530 985 684 1069 additae,
709 984 844 1052 librarii
877 985 947 1052 soil.
979 985 1090 1051 nescio
1114 984 1225 1070 ouius,
1249 1008 1347 1074 quem
1370 985 1543 1073 effugerat

413 1123 557 1190 δεικνύναι
582 1126 685 1194 etiam
708 1126 902 1212 significare
931 1126 1093 1216 „eloqui”

456 1270 513 1336 Sic
533 1269 713 1338 Wecklein
732 1269 821 1336 Phil.
843 1271 907 1336 509
929 1292 990 1357 pro
1011 1267 1151 1346 ἔλεξεν
1171 1269 1362 1358 suspicatur
1385 1267 1540 1345 ἔδειξεν

412 1411 494 1478 ibid.
531 1413 596 1479 559
630 1435 691 1500 pro
725 1409 886 1496 α’ίτερ(γ’)
926 1409 1091 1488 ἔλεξας,
1126 1410 1206 1495 ἇίτερ
1242 1412 1450 1489 ἕνέδειξας
1485 1414 1539 1480 vel

411 1553 525 1642 polius
548 1552 774 1630 ὑπέδειξας.

457 1693 539 1763 Luc.
575 1696 655 1763 dial.
692 1701 788 1763 mort.
827 1697 886 1780 10,
924 1697 965 1762 13
998 1701 1091 1764 totus
1125 1701 1301 1766 contextus
1337 1698 1434 1765 dooet
1467 1723 1540 1765 oum

318 1913 321 1918 Δ
412 1837 597 1905 Schmidtio
647 1863 708 1928 pro
752 1839 914 1926 languido
957 1838 1236 1920 δειχθήσεται
1279 1841 1311 1904 δὲ
1353 1841 1486 1922 ἀκριβῶς
1527 1843 1538 1905 ὁ

413 1978 540 2044 ἕκαστον
564 1979 834 2066 βίες1οςεηᾶιιεει
858 2004 931 2048 esse
954 1979 1284 2067 (ε’)λεχθήσεται
1308 1983 1371 2048 κτὲ.

456 2123 550 2190 Haec
570 2123 723 2211 exempla
743 2123 914 2190 sufficiunt
935 2124 978 2190 ad
990 2124 1296 2209 demonstrandum,
1308 2125 1397 2214 quod
1409 2126 1538 2191 demon-

413 2270 524 2332 strare
549 2265 650 2334 volui.
674 2266 814 2353 ltaque,
839 2269 993 2352 recepta,
1019 2287 1119 2353 quam
1142 2267 1308 2355 proposui,
1336 2268 1537 2351 coniectura,

411 2408 496 2475 dicit
522 2408 686 2497 Oedipus:
721 2408 890 2491 Quomodo
923 2408 1073 2476 sedalis?
1108 2409 1183 2476 Iam
1207 2410 1431 2478 enarravistis
1455 2411 1537 2494 (soil.

411 2553 445 2618 τὸ
479 2552 581 2638 κακόν)
617 2575 660 2618 an
695 2552 830 2620 silentio
860 2552 1057 2640 pressistis?
1091 2554 1259 2641 Eloquere
1294 2555 1417 2637 (mente
1452 2555 1539 2620 onim

412 2697 632 2784 repetendum
662 2694 758 2776 Φανίζ
791 2719 831 2761 ex
867 2720 915 2764 vs.
941 2698 990 2780 9);
1024 2719 1085 2781 ego
1108 2720 1165 2764 vos
1190 2696 1310 2764 iuvare
1332 2697 1483 2763 omnibus
1504 2697 1538 2762 in

411 2842 511 2906 rebus
542 2839 627 2907 volo.

455 2981 505 3046 Ul
527 2974 681 3047 hocloco
706 2985 917 3070 opponuntur
941 2978 1094 3056 δείξαντες
1119 2985 1154 3048 et
1177 2979 1359 3056 στέξαντες,
1384 2982 1431 3047 sio
1450 2981 1537 3047 Phil.

411 3149 460 3193 vo.
487 3124 568 3209 136,
604 3145 701 3210 quem
731 3122 799 3188 iam
834 3144 936 3210 supra
969 3123 1201 3208 laudavimus,
1239 3123 1303 3190 sibi
1335 3095 1539 3211 respondent

412 3266 549 3343 λέγειν
574 3270 608 3332 et
632 3265 812 3343 στέγειν,
836 3266 874 3331 Ο.
898 3266 940 3331 R.
967 3266 1053 3332 1229
1078 3270 1191 3332 autem
1215 3264 1334 3330 κεύθειν
1354 3269 1389 3331 el
1409 3265 1537 3345 Φαίνειν.

454 3409 784 3490 Homoeoteleutum‚
820 3413 861 3476 ut
883 3406 1038 3484 δείξαντες
1073 3408 1088 3483 ἢ
1114 3407 1295 3484 ττέξαντες,
1322 3431 1342 3474 a
1365 3409 1537 3495 Sophoclis

411 3556 486 3620 arte
522 3552 670 3619 alienum
704 3575 769 3617 non
804 3555 866 3618 est.
903 3552 944 3618 of.
980 3551 1037 3618 Αἰ.
1054 3565 1057 3572 “
1074 3552 1159 3617 1237
1195 3554 1250 3615 τεῦ
1286 3550 1398 3630 βιίντος
1432 3551 1448 3626 ἢ
1482 3555 1537 3615 τοῦ

412 3694 555 3768 ττιίντες,
581 3696 619 3763 0.
645 3694 681 3760 C.
704 3695 789 3762 1676
814 3693 909 3758 ἰδόντε
933 3694 985 3758 καὶ
1009 3692 1146 3758 ταθίντε
1170 3695 1223 3761 El.
1250 3695 1336 3762 1497
1360 3694 1402 3759 ταί
1425 3701 1451 3759 τ’
1467 3694 1538 3759 ὄντα

410 3836 461 3902 καί
485 3837 643 3915 μέλλοντα
669 3861 743 3904 oum
765 3837 913 3918 Nauokii
938 3837 1223 3904 adnotationibus,

455 3980 533 4048 Vid.
568 3985 750 4068 praeterea
784 3980 822 4047 0.
858 3981 899 4046 R.
936 3981 1112 4047 777-778
1147 3977 1222 4055 αὶξιά
1256 4018 1298 4028 -
1335 3978 1420 4056 αξία,
1455 3980 1536 4047 ibid.

411 4123 587 4189 924-925
610 4119 681 4186 ὅταν
713 4119 757 4209 (v.
782 4121 993 4189 Herwerden
1016 4122 1116 4189 malit
1139 4120 1199 4210 ἵνα)
1223 4159 1264 4171 -
1289 4122 1431 4196 oudo,
1456 4123 1536 4190 ibid.

411 4267 496 4331 1481
532 4267 569 4338 ὡς
603 4265 661 4337 τας
697 4264 843 4344 ἀδελφὰς
877 4263 973 4328 τνίτδε
1005 4264 1063 4338 τὰς
1096 4264 1176 4343 ἔμας
1206 4265 1322 4347 χέρας,
1354 4267 1435 4332 Eur.
1458 4266 1537 4335 Hel.

410 4410 586 4476 922-923
610 4408 756 4486 ἐξειδέναι
781 4446 822 4456 -
846 4409 888 4486 μὴ
914 4407 1032 4473 εἰδέναι.

455 4552 562 4641 Saepe
586 4552 673 4620 talia
695 4552 979 4636 homoeoteleuta,
1011 4551 1104 4617 diota
1127 4574 1201 4618 oum
1225 4552 1429 4635 acerbitato,
1454 4577 1537 4619 oom-
