3490 5540
932 792 975 856 90

389 985 489 1051 riter.
513 985 680 1076 Displicet
700 987 787 1054 cuim
808 987 843 1054 in
863 987 1050 1074 vulgatam
1062 993 1186 1066 τυχεῖν,
1200 986 1347 1053 sicnudc
1360 986 1515 1073 positum.

388 1127 508 1194 Obiter
553 1129 648 1212 vide,
689 1137 790 1219 qu'am
831 1130 1011 1198 ridiculum
1054 1154 1185 1198 sensum
1219 1130 1321 1198 lectio
1356 1127 1517 1194 αἰκάλλειν

387 1272 568 1358 praebeat,
603 1276 794 1362 comparato
828 1273 890 1340 hoc
924 1295 1034 1342 versu.
1071 1273 1154 1356 Quis
1185 1272 1274 1339 enim
1304 1271 1423 1339 credat
1444 1276 1517 1338 tam
1562 1316 1566 1325 -

388 1413 615 1502 impudentem
655 1416 760 1482 fuisse
803 1416 996 1499 Creontem,
1037 1420 1078 1483 ut
1111 1414 1240 1483 diceret
1274 1416 1303 1478 ἐν
1336 1415 1377 1495 τῷ
1412 1414 1518 1482 ἑαυτὸν

390 1555 549 1620 κῐκνὶλλενν
571 1557 695 1624 civium
720 1559 864 1626 salutem
888 1583 961 1626 esse
982 1559 1136 1648 positam.

434 1699 501 1768 Sed
533 1699 636 1768 etiam
666 1701 809 1788 vulgata
834 1725 901 1768 non
922 1704 1065 1784 mutata,
1088 1723 1208 1788 parum
1232 1700 1306 1771 veri
1329 1703 1383 1766 est
1407 1699 1516 1766 simile

389 1846 584 1930 Creontem,
615 1867 713 1934 quem
738 1845 885 1934 Oedipus
909 1849 1046 1912 accusat
1069 1845 1199 1932 regiam
1224 1848 1383 1932 appetere
1407 1843 1538 1930 digni--

389 1992 513 2072 tatem,
549 1989 736 2056 inconsulto
772 1988 901 2056 dicere:
936 1993 975 2056 tu
1008 1988 1143 2077 quidem
1177 2011 1238 2054 rex
1273 2011 1325 2070 es,
1350 2009 1411 2073 ego
1434 2009 1515 2054 vero

389 2131 594 2216 hominibus,
618 2132 706 2221 qnod
738 2132 858 2201 volunt
892 2132 942 2199 dc.
968 2129 1093 2198 Utrum
1126 2130 1217 2198 cives
1252 2129 1383 2219 aliquid
1412 2129 1516 2217 impe-

389 2279 485 2342 trent
515 2297 636 2358 necne,
667 2297 803 2364 prorsus
835 2278 889 2341 est
921 2297 1022 2363 penes
1052 2297 1105 2341 me
1129 2310 1171 2320 —
1194 2273 1290 2342 Haec
1313 2274 1418 2341 verba
1440 2272 1514 2339 iure

390 2417 529 2484 animosi
576 2417 697 2506 Oedipi
741 2417 827 2484 iram
872 2420 1055 2484 moverent.
1100 2414 1256 2498 Gaudeo,
1291 2415 1378 2504 qnod
1412 2415 1516 2510 etiam

389 2559 581 2628 Wecklinio
614 2585 664 2628 vs.
689 2561 754 2626 598
785 2559 918 2647 spurius
943 2558 1097 2642 videtur,
1132 2558 1190 2647 qni
1220 2563 1335 2625 tamen
1365 2557 1513 2625 rationes

388 2701 672 2770 condemnationis
694 2726 760 2769 non
784 2701 891 2770 addit.

434 2844 581 2933 Spengel
605 2844 737 2928 (Philol.
761 2843 1004 2912 XXXXVI-
1018 2844 1091 2930 50),
1115 2843 1173 2932 qui
1194 2811 1367 2911 contendit
1379 2841 1516 2908 ἐνταῦθα

388 2987 490 3077 (quod
524 2987 626 3074 vulgo
661 2987 851 3075 explicatur
885 2988 915 3050 ἕν
937 2987 977 3066 τῶ
1001 2987 1139 3050 ἐκκκλεῖν
1162 2985 1233 3071 ἔμε)
1266 2986 1456 3072 significare
1487 2987 1517 3048 ἕν

389 3129 482 3212 τῷδε,
516 3131 545 3193 ἐν
568 3128 638 3206 ἐμοί
659 3130 713 3213 (cf.
738 3129 872 3215 Schol.),
897 3128 962 3196 tali
987 3129 1209 3217 explicatione
1233 3127 1388 3196 Creontis
1411 3128 1516 3216 impu·

391 3272 541 3339 dentium
564 3277 678 3359 anget.

435 3415 576 3481 Insolito
610 3438 709 3482 sensu
744 3413 1017 3479 ἐκκνιλεῑσθκι
1047 3415 1222 3483 invenitur
1246 3414 1304 3480 Tr.
1330 3415 1416 3479 1206
1438 3411 1518 3490 οἴμοι

390 3555 469 3634 μάλ’
505 3551 612 3631 αὖθις,
648 3554 695 3650 cici
730 3561 765 3635 μ’
798 3559 928 3640 ἐκκκλῇ,
960 3556 1078 3638 πνὶτερ,
1111 3555 1121 3643 l
1154 3556 1250 3637 Φννὲνν
1284 3554 1431 3633 γενέσθαι
1465 3555 1520 3620 καὶ

391 3707 586 3777 πνλκμνκῖνν
621 3699 728 3774 σέθεν,
765 3701 823 3766 ubi
858 3700 1029 3787 significat
1067 3698 1313 3788 ,provocare”.
1349 3699 1432 3765 Cum
1455 3698 1521 3766 hoc

389 3845 460 3910 loco
496 3866 652 3932 compara
686 3843 809 3912 Aesch.
844 3844 911 3932 Ag.
944 3846 1009 3910 282
1033 3843 1191 3929 (Weckl.)
1215 3840 1303 3923 χνρνὶ
1326 3844 1361 3919 μ’
1386 3841 1519 3923 ὑφέρπει

389 3984 513 4067 δάκρυον
535 3987 749 4065 ἐκκκλτνμένν.

433 4272 503 4340 Ad
536 4299 559 4340 v
572 4298 597 4341 e.
634 4273 737 4340 611:

523 4417 613 4497 Φίλαν
634 4416 695 4497 γὰρ
719 4413 830 4480 ἐσθλὸν
853 4415 997 4492 ἐκβκλεῖν
1021 4414 1078 4480 ἴσον
1102 4415 1182 4492 λέγω

523 4560 573 4624 uui
597 4560 646 4623 τὸν
669 4562 742 4644 παρ’
766 4559 856 4623 κὺτοῦ
877 4558 996 4637 βίοτον,
1021 4555 1049 4622 ὃν
1074 4563 1216 4621 πλεῖστον
1239 4561 1337 4638 Φιλεῖ.
