3466 5536
747 754 792 818 47

205 951 375 1015 mutatnm
397 949 434 1014 in
457 948 624 1030 χέρνιβος,
647 950 735 1036 quod
757 973 869 1016 omnes
889 949 963 1016 fere
981 949 1109 1016 codices
1130 949 1333 1016 recentiores

206 1090 381 1177 praebent.
428 1116 460 1160 v.
506 1092 734 1175 Herwerden,
780 1091 919 1175 Nauck,
952 1091 1125 1174 Wunder,
1161 1091 1333 1180 Elmsley,

204 1233 397 1317 Hermann,
433 1234 633 1321 Musgrave,
668 1234 794 1318 Bothe,
820 1234 1028 1317 Scbmelzer,
1053 1234 1201 1300 Dindorf
1221 1258 1334 1302 omnes

205 1373 357 1457 χέρνιβος
389 1376 643 1464 praetulerunt3
677 1377 797 1443 melius
831 1377 954 1459 Wolff,
987 1377 1011 1444 J
1013 1376 1075 1442 ebb
1099 1380 1135 1443 et
1156 1377 1277 1442 Brnhn
1298 1377 1336 1443 in
1414 1391 1419 1398 '

205 1522 340 1585 textum
372 1524 575 1606 receperunt
609 1518 761 1600 χέρνιβος.
785 1521 893 1586 Recte
916 1519 1005 1585 enim
1029 1518 1171 1586 adnotat
1192 1543 1225 1587 v.
1250 1518 1334 1585 Her-

208 1661 345 1729 werden
385 1661 532 1728 fortasse
572 1685 639 1729 non
679 1662 807 1728 iniuria
839 1661 1021 1728 retinuisse
1055 1661 1173 1747 Bergk
1205 1661 1335 1749 primae

203 1827 324 1872 manus
359 1804 562 1892 scripturam
596 1803 752 1885 χέρνιβος,
790 1826 903 1892 ,quae
925 1808 1038 1893 potest
1060 1827 1133 1871 esse
1155 1804 1335 1891 genetivus

204 1949 409 2039 partitivus,
433 1954 474 2016 ut
496 1948 597 2027 νέμειν
619 1947 761 2030 χέρνιβος
780 1948 825 2014 ad
843 1949 984 2016 verbum
1003 1948 1173 2035 significet
1183 1948 1336 2014 tribuere

206 2094 361 2180 (partem)
396 2113 504 2180 aquae
537 2091 725 2158 lustralis.”
762 2090 912 2178 Collegit
946 2090 1001 2159 vir
1033 2090 1121 2157 doct.
1165 2090 1334 2178 exempla,

205 2234 267 2300 nbi
311 2233 423 2315 χέρνιψ
468 2233 637 2320 singulari
681 2257 820 2300 numero
864 2233 1058 2315 invenitur,
1092 2232 1213 2320 quibus
1248 2231 1335 2298 adde

204 2376 378 2443 Demosth.
403 2375 479 2444 adv.
504 2376 603 2464 Lept.
628 2377 692 2442 158
717 2375 858 2457 χέρνιβος
882 2372 1042 2456 εἴργεσθαι
1070 2374 1120 2438 τὸν
1143 2372 1336 2454 ἀνδροφόνον,
1450 2382 1454 2387 “

208 2517 356 2592 σπονδῶν,
391 2519 549 2599 κρατήρων,
584 2519 681 2599 ἱερῶν,
716 2519 847 2600 οἰνορᾶς,
883 2541 947 2606 qno
970 2518 1042 2585 loco
1064 2518 1209 2606 optimus
1233 2517 1337 2584 codex

204 2685 289 2745 non,
312 2666 353 2728 ut
374 2662 478 2748 vulgo
502 2661 617 2728 editur
639 2659 803 2742 χερνίβων,
828 2661 904 2745 sed,
928 2667 1019 2728 teste
1041 2661 1176 2749 quidem
1200 2660 1335 2742 Jebbio,

207 2804 350 2891 praebet
371 2802 523 2885 χερνίβος.

250 2946 416 3034 Equidem
448 2947 713 3036 comparaverim
743 2946 866 3014 Aesoh.
899 2947 1104 3035 sappinea
1130 2947 1334 3033 (Wecklein)

206 3085 319 3170 ὄρνιθος
338 3087 412 3169 ὅρνις
431 3093 495 3161 πῶς
513 3087 550 3152 έιν
561 3088 681 3166 ἁγνεύοι
692 3089 821 3169 <buyda
833 3112 931 3176 quem
940 3090 1051 3156 locum
1061 3089 1189 3155 iniuria
1199 3092 1338 3155 tentant

208 3233 342 3318 Burges
365 3232 482 3328 legens
506 3230 620 3310 θιγών,
645 3237 681 3299 et
703 3231 883 3319 Hartnng,
907 3232 966 3320 qui
987 3231 1162 3320 proposuit
1184 3229 1255 3313 ὄρνιν
1275 3231 1337 3312 γὰρ

209 3370 299 3454 ὄρνις,
333 3378 370 3441 et
401 3374 531 3462 Paley,
567 3375 626 3463 qni
650 3375 723 3442 sine
746 3397 849 3442 causa
872 3375 979 3442 eiecto
1000 3398 1052 3481 rs.
1076 3374 1142 3440 232
1163 3373 1251 3461 legit
1274 3376 1338 3446 πῶς

206 3517 269 3599 γὰρ
290 3521 410 3595 νομῶν.
433 3517 522 3584 Vide
544 3517 753 3585 Weckleinii
775 3517 934 3606 optimam
957 3516 1216 3583 adnotationem.

253 3659 412 3726 Antehac
435 3660 633 3748 suspicabar
654 3659 833 3728 lectionem
855 3657 967 3740 ὄρνιθος
986 3659 1177 3726 confirmari
1194 3659 1336 3745 Diogen.

208 3804 327 3869 Laert.
350 3803 413 3871 vit.
436 3802 544 3890 Pyth.
567 3803 676 3886 VIII,
701 3804 745 3869 24
775 3807 855 3866 τῶν
885 3802 930 3866 δέ
952 3800 1131 3879 κυοέμιον
1154 3801 1338 3882 ἀπηγόρευεν

209 3942 382 4010 iberita
395 3968 422 4019 ι,
455 3968 544 4012 nnnc
578 3949 693 4012 tamen
720 3945 802 4033 quin
836 3967 878 4012 ea
910 3946 1017 4013 verba
1049 3945 1238 4032 depravata
1268 3945 1339 4011 sint

207 4086 324 4153 nullus
358 4087 490 4172 dubit0;
524 4087 707 4154 absurdum
741 4087 830 4154 enim
865 4095 918 4154 est
947 4087 1101 4153 futurum
1126 4083 1254 4151 ἔδεοθοιι
1275 4109 1337 4174 pro

209 4227 333 4295 ἐσθίειν.
367 4229 528 4314 Arridet,
562 4231 650 4318 quod
685 4230 791 4297 Cobet
826 4230 988 4313 (Brieven
1009 4251 1065 4318 pg.
1088 4230 1165 4306 283)
1190 4251 1208 4294 e
1231 4229 1338 4296 Suida

206 4395 269 4461 pro
310 4372 424 4440 verbis
464 4371 632 4459 corruptis
668 4371 825 4439 restituit
857 4375 937 4435 τῶν
972 4371 1016 4434 δέ
1050 4370 1172 4448 κνοέμον
1195 4409 1236 4418 -
1261 4368 1338 4435 έπέ-

208 4513 341 4597 χεσθοιι.
364 4516 426 4584 Bis
451 4515 540 4582 enirn
563 4515 704 4582 eandem
725 4515 927 4583 locutionem
948 4515 1064 4584 inveni
1087 4515 1177 4603 apud
1197 4515 1337 4580 Iambli-
