3466 5536
757 773 799 839 33

212 965 389 1032 motiorem
420 967 568 1054 produnt
602 968 749 1033 animum
779 991 807 1035 e.
831 993 865 1056 g.
895 970 984 1035 Phil.
1012 971 1115 1036 1009:
1141 967 1262 1046 ανοίξιον
1285 971 1342 1048 μὲν

215 1111 299 1181 σοῦ,
323 1106 467 1185 κατοίξιον
494 1109 521 1174 δ’
546 1111 650 1187 ἐμοῦ.

259 1250 535 1337 ChrysothemiS‚
568 1275 589 1318 a
618 1275 730 1319 sorore
753 1253 914 1320 calidiore
949 1254 1126 1336 lacessita,
1161 1254 1343 1342 respondet

215 1394 281 1478 (El.
307 1395 425 1477 1036);
449 1393 580 1472 ἀτιμίας
602 1395 660 1471 μὲν
682 1394 730 1468 οὔ,
755 1394 930 1475 προμηθίας
952 1397 986 1460 δὲ
1010 1399 1085 1460 σοῦ.

257 1676 326 1742 Ad
358 1701 419 1744 vs.
461 1678 536 1743 37:

257 1821 300 1885 35
322 1817 353 1892 ίς
375 1821 407 1896 ν’
431 1817 581 1895 ἕξὲλυσας
604 1818 683 1883 derv
706 1821 860 1894 Καδμεῖοι
883 1821 984 1897 μολὼν

323 1964 456 2043 σκληροῖς
478 1963 577 2026 ἀοιδοῦ
600 1963 718 2040 δασμὸν
739 1959 768 2026 ὃν
792 1963 837 2047 (ν.
861 1964 977 2030 Herw.
1002 1959 1033 2046 ᾖ)
1057 1962 1266 2042 παρείχομεν,

323 2103 375 2168 καί
398 2103 535 2171 ταῦθ’
569 2106 773 2186 ὑφ’ἡμῶν
803 2107 884 2170 οὐδὲν
907 2104 1026 2181 ἐξειδὼς
1048 2106 1141 2169 πλέον

323 2250 382 2314 οὐδ’
406 2249 619 2331 ἐκδιδαχθείς,
643 2250 730 2314 ἄλλα
753 2249 908 2331 προοθνίκρ
934 2247 1007 2314 θεοῦ

323 2392 410 2469 λέγει
433 2393 547 2474 νομίζει
570 2392 677 2471 θ’ἦμίν
698 2390 828 2474 ὀρθῶσαι
852 2393 927 2470 βίον.

253 2537 389 2603 Primus
419 2562 451 2604 v.
484 2536 695 2604 Herwerden
722 2540 815 2603 recte
839 2535 1035 2603 observavit
1057 2535 1222 2602 vocabula
1244 2532 1337 2598 ταῦθ’

210 2676 265 2757 ὑφ’
300 2678 382 2755 ἡμῶν
416 2682 576 2765 corrupta
607 2701 690 2744 esse.
722 2677 761 2744 Si
792 2678 881 2744 enim
911 2677 977 2765 ipsi
1015 2675 1127 2761 ῃπλέον
1159 2699 1190 2739 τι
1225 2676 1340 2743 scivis-

211 2819 326 2902 sent”,
357 2843 424 2886 non
454 2820 497 2886 iis
527 2843 609 2908 opus
639 2820 763 2886 fuisset
786 2818 923 2907 Oedipo.
947 2819 1028 2885 Iure
1052 2818 1142 2884 idem
1165 2818 1339 2886 contendit

211 2984 344 3028 sensum
373 2963 565 3050 postulare,
589 2967 629 3028 nt
648 2961 795 3049 Oedipus
820 2960 955 3027 dicatur
979 2984 1040 3049 ope
1063 2960 1201 3026 deorum
1224 2959 1338 3045 aenig-

208 3128 265 3171 ma
294 3105 452 3188 solvisse,
484 3103 637 3193 quamvis
660 3104 732 3191 ipse
754 3126 863 3192 neque
885 3104 928 3169 ab
951 3103 1139 3169 hominibus
1164 3125 1272 3190 neque
1295 3101 1338 3167 ab

211 3247 330 3315 avibus
353 3250 406 3332 (ut
426 3271 453 3314 e.
474 3272 508 3335 g.
529 3247 693 3332 Tiresias)
717 3245 895 3334 quicquam
918 3244 1135 3332 comperisset
1155 3244 1198 3310 ad
1218 3243 1339 3330 Sphin-

209 3391 264 3476 gis
300 3393 458 3476 ambages
494 3389 720 3478 explicandas.
755 3388 878 3476 Itaque
914 3388 994 3454 olim
1024 3387 1080 3455 vir
1111 3387 1197 3453 doct.
1229 3387 1339 3454 locum

209 3536 405 3621 corruptum
428 3553 550 3600 sanare
573 3535 712 3599 conatus
736 3535 790 3598 est
809 3529 1000 3597 coniciendo
1019 3527 1071 3592 καὶ
1090 3532 1192 3592 ταῦτα
1210 3529 1337 3605 γ’ἧμῶν,

209 3697 296 3763 quae
330 3673 523 3742 coniectura
558 3673 624 3762 ipsi
657 3673 767 3740 minus
796 3672 970 3760 placebat,
995 3670 1084 3760 quod
1105 3670 1277 3758 particula
1297 3693 1337 3748 γε

209 3839 374 3905 nusquam
398 3816 537 3884 additur
558 3819 635 3905 post
657 3816 836 3882 formulam
859 3813 910 3878 καί
933 3818 1036 3877 ταῦτα
1056 3797 1191 3901 (idque).
1211 3814 1336 3879 Proba·

209 3959 310 4026 bilior
351 3958 500 4026 eiusdem
542 3962 595 4024 est
637 3957 830 4024 coniectura
870 3955 922 4020 καί
963 3959 1065 4020 ταῦτα
1107 3953 1215 4031 Θηβῶν
1255 3953 1337 4018 οὐδὲν

209 4099 329 4177 ἐξειδὼς
351 4100 443 4165 πλέον
465 4101 530 4165 κπὲ.

253 4242 433 4310 Wecklein
463 4241 546 4328 (Ars
576 4241 676 4329 Soph.
709 4264 770 4308 cm.
801 4265 857 4329 pg.
879 4241 936 4324 46)
958 4263 1078 4329 parum
1101 4238 1336 4307 verisimiliter

253 4528 418 4617 Equidem
449 4550 516 4593 non
544 4526 679 4610 dubito,
710 4526 791 4614 quin
824 4526 916 4592 locus
940 4525 986 4591 sit
1009 4529 1202 4612 corruptus;
1226 4522 1335 4590 lenior

1226 4631 1246 4696 3
