3490 5540
908 755 971 820 128

374 952 547 1042 adscripta
578 975 659 1020 esse.
692 950 921 1018 Conferondus
953 951 981 1018 I.
1012 976 1044 1020 v.
1069 951 1239 1020 Leeuwen
1262 951 1298 1018 in
1320 952 1407 1019 libro
1430 952 1506 1020 lau-

374 1096 454 1163 dato
477 1120 532 1184 pg.
560 1096 640 1178 125,
667 1096 747 1178 140,
771 1095 830 1161 ubi
853 1095 944 1162 inter
963 1094 1033 1161 alia
1052 1094 1136 1162 haee
1154 1095 1273 1162 habet:
1299 1096 1506 1180 „Praeterea

374 1239 458 1307 sutis
501 1243 633 1314 constat
676 1262 751 1306 eum
794 1237 828 1322 (i.
866 1260 893 1304 e.
929 1237 1031 1304 codex
1064 1237 1290 1325 archetypus,
1328 1238 1371 1304 ad
1404 1261 1506 1327 quem

374 1382 637 1449 Laurentiamus
661 1386 714 1448 est
733 1379 935 1469 descriptus)
958 1379 1150 1448 exhibuisse
1174 1381 1311 1447 solum
1333 1384 1506 1448 textum

375 1525 469 1594 sine
505 1523 709 1609 scholiis;
745 1523 781 1588 in
815 1523 1046 1590 Laurentiano
1083 1523 1171 1589 enim
1207 1523 1333 1591 scholia
1357 1525 1398 1590 ab
1423 1523 1505 1590 aliis

375 1666 493 1734 scribis
527 1665 698 1754 postmodo
733 1669 813 1732 sunt
847 1665 997 1748 adiecta,
1032 1689 1105 1733 oum
1136 1665 1229 1752 prior
1251 1665 1413 1734 librarius
1437 1691 1507 1733 non

374 1809 441 1876 nisi
474 1809 549 1896 ipsa
581 1814 701 1896 poetae
735 1809 841 1875 verba
876 1808 1140 1895 exscripsisset.”
1172 1809 1278 1875 Plura
1302 1809 1343 1876 de
1367 1810 1505 1877 scholiis

374 1952 442 2021 vid.
467 1950 558 2041 apud
582 1950 730 2017 Dindorf
752 1951 802 2017 ed.
827 1953 930 2018 Oxon.
954 1975 1009 2039 pg.
1034 1951 1241 2019 XIV-XV.

419 2236 484 2302 Ad
514 2261 569 2303 vs.
605 2236 709 2302 158:

419 2381 435 2418 *
461 2378 526 2444 εἶπέ
551 2401 620 2456 μοι,
646 2374 666 2440 ὦ
689 2377 824 2458 χρυσέας
848 2377 946 2442 τέκνον
970 2377 1111 2452 ἐλπίδος,
1136 2379 1156 2443 at
1165 2379 1224 2458 μβ
1232 2404 1316 2462 poue
1340 2380 1449 2462 vdua.

420 2520 559 2602 ἄμβροτε
594 2525 787 2609 corruptum
822 2521 969 2590 videtur.
1004 2522 1164 2590 Fortasse
1198 2526 1313 2592 tamen
1344 2530 1506 2614 praestat

375 2663 410 2730 in
452 2685 555 2732 versu
598 2664 752 2752 sequenti
785 2687 845 2751 pro
880 2662 1013 2745 ἄμβροτ’
1050 2688 1124 2731 oum
1158 2667 1351 2736 Wecklinio
1385 2669 1504 2757 legere

374 2805 491 2890 ἄντομ’,
516 2828 616 2894 quam
639 2806 865 2873 coniecturam
888 2809 1017 2896 recepit
1039 2809 1166 2876 Bruhn.

419 3091 487 3158 Ad
521 3116 543 3160 v
556 3115 581 3158 S.
619 3092 722 3158 180:

574 3235 591 3272 *
615 3228 650 3296 ὧν
674 3232 761 3306 πόλις
784 3232 953 3315 ἀνάριθμος
975 3233 1112 3301 ὄλλυται·

618 3375 710 3450 νηλέα
733 3375 765 3440 δὲ
789 3374 926 3453 γένεθλα
951 3376 1022 3459 πρός
1046 3379 1127 3461 πέδῳ
1150 3381 1213 3444 κτέ.

420 3519 460 3585 L.
496 3516 689 3595 δεὰγενεθλαι
724 3524 785 3586 aut
820 3518 1025 3596 nauem,
1060 3522 1105 3587 L¹⁸
1139 3522 1347 3602 δ’έγενέθλαι,
1382 3525 1417 3590 Σ’
1451 3527 1508 3594 δὀἱ

375 3658 524 3738 γενέθλα,
548 3670 570 3724 Γ
594 3661 627 3726 Α
651 3671 677 3726 Σ
700 3661 733 3725 δὲ
756 3660 904 3739 γένεθλα.

417 3804 541 3888 Vides,
577 3827 676 3892 quam
707 3806 839 3872 incerta
862 3807 961 3873 huius
985 3832 1124 3892 versus,
1147 3810 1205 3896 qui
1229 3809 1308 3876 olim
1331 3811 1367 3876 in
1389 3812 1507 3882 fronte

373 3946 519 4034 paginae
542 3946 739 4032 legebatur,
764 3948 811 4014 sit
833 3948 943 4015 lectio.

421 4231 489 4297 Ad
523 4234 612 4299 tes.
648 4233 876 4299 267-272:

419 4373 499 4440 Post
535 4397 671 4441 versum
702 4376 767 4441 245
801 4378 842 4456 τῷ
873 4376 986 4458 τ’ἀνδρὶ
1016 4380 1057 4459 τῷ
1080 4377 1201 4446 θανόντι
1224 4382 1394 4465 σύμμαχος
1418 4385 1506 4451 πέλω

374 4515 537 4602 leguntur
557 4516 656 4582 haec:
