3490 5540
723 782 820 849 ,127
922 774 926 780 ¹

223 983 357 1048 textum
390 979 621 1068 corruperint,
656 978 715 1047 vix
749 977 816 1045 dici
849 981 971 1066 potest.
1003 977 1078 1043 Duo
1109 975 1180 1044 alia
1210 976 1351 1044 afferam

224 1123 393 1211 exempla:
417 1122 474 1190 Ai.
499 1122 675 1189 811-812
698 1121 860 1207 legimus:

357 1268 504 1345 χωρῶμεν
528 1265 712 1342 ἐγκονῶμεν,
736 1264 803 1342 οὐχ’
828 1238 921 1344 ἕδρας
944 1262 1029 1340 οῖκμιὶ

357 1404 471 1493 [σῴζειν
495 1403 646 1477 θέλοντας
668 1404 761 1486 ἄνδρα
784 1401 848 1482 γ’ῖς
872 1403 909 1469 ἂν
932 1402 1046 1486 σπεύδρ
1069 1401 1196 1492 θανεῖν]

268 1549 356 1617 Vide
379 1547 528 1617 Nauekii
555 1548 815 1615 adnotationem.

266 1692 384 1760 sico.
408 1691 451 1758 R.
475 1692 558 1758 826:

776 1831 792 1908 ἢ
816 1830 931 1909 τέμοις
954 1855 996 1909 με
1019 1831 1069 1895 δεῖ

421 1976 532 2058 μητρὸς
556 1974 681 2056 ξυνεῖναι
704 1973 757 2039 καὶ
779 1974 901 2055 πατέρα
923 1979 1126 2038 κατακτανεῖν

219 2119 418 2187 vocabulum
452 2118 574 2198 πατέρα
608 2117 799 2206 explicatur
832 2140 893 2205 per
928 2116 1083 2184 additum
1116 2113 1263 2192 Πόλυβον.
1294 2115 1349 2181 Ex

220 2262 423 2349 glossemate
458 2263 572 2328 nutem
605 2263 698 2326 totus
732 2263 834 2327 natus
869 2263 923 2327 est
945 2282 1081 2342 versus,
1105 2257 1289 2345 languidus
1312 2261 1349 2324 et

220 2405 294 2471 iure
317 2404 386 2471 iam
409 2425 430 2470 a
451 2402 626 2472 Wundero
650 2406 852 2492 expunctus:

467 2544 617 2624 Πόλυβον,
641 2542 670 2619 ὃς
694 2545 826 2626 ἐξέφυσε
850 2541 1027 2626 καὶξέθρεψέ
1050 2567 1103 2622 με.

262 2830 331 2897 Au
365 2855 426 2900 vs.
463 2832 655 2898 140-141:

416 2974 493 3053 κᾶμ’
517 2973 554 3038 ῖιν
577 2973 699 3056 τοιαύτρ
723 2974 804 3056 χειρὶ
826 2979 1016 3054 τιμωρεῖν
1039 2969 1137 3037 θέλοι.

372 3121 390 3158 *
414 3117 496 3199 κείνῳ
519 3121 690 3200 προσαρκεῖν
713 3111 759 3182 οὗν
782 3118 913 3196 ἐμαυτὸν
936 3119 1081 3209 ὠφελῶ..

260 3261 348 3330 Vide
381 3262 555 3329 tebellam.
590 3263 642 3330 De
676 3285 779 3331 versu
811 3263 941 3352 priore,
977 3260 1036 3327 ubi
1065 3265 1203 3340 τιμωρεῖν
1226 3259 1343 3348 procul

217 3404 316 3472 dubio
347 3408 541 3493 corruptum
571 3409 639 3489 est,
672 3405 740 3472 ium
771 3426 874 3494 supru
897 3404 1037 3490 egimus.
1060 3403 1207 3470 Versum
1230 3405 1344 3469 eutem

216 3551 427 3636 sequentem,
458 3571 555 3638 quem
586 3549 750 3615 Laurent.
782 3547 887 3614 hebet
916 3548 953 3612 in
981 3546 1136 3632 margine
1160 3568 1190 3612 a.
1214 3569 1257 3611 m.
1281 3568 1342 3632 pr,

216 3690 289 3758 iure
324 3690 546 3758 condemnent
578 3690 696 3776 Bergk
728 3693 763 3756 et
797 3715 829 3757 v.
864 3688 1093 3772 Herwerden,
1128 3711 1209 3777 quos
1252 3685 1341 3754 vide.

215 3835 324 3902 Schol.
359 3834 447 3902 hune
476 3858 613 3902 versum
641 3833 766 3920 legisse
801 3832 954 3914 videtur,
990 3817 1134 3897 ednotat
1168 3829 1257 3896 enim
1291 3826 1344 3892 xxi

214 3980 300 4041 τοῦτο
341 3977 483 4051 κινητικὸν
524 3980 576 4039 τοῦ
621 3973 763 4056 θεάτρου·
811 3972 853 4037 τοὶ
887 3972 948 4052 γὰρ
989 3970 1110 4036 ἐναντία
1144 3968 1341 4051 προβήσεται.

215 4120 372 4204 (Ioannes
404 4119 563 4186 Lasearis
588 4115 794 4194 ἀποβήσεται.
818 4116 871 4182 De
894 4115 1086 4182 confusione
1108 4115 1199 4181 inter
1222 4110 1286 4177 ἀπό
1307 4115 1344 4179 et

214 4261 271 4344 πρέ
292 4262 335 4329 cf.
359 4263 446 4329 Base
467 4285 523 4350 pg.
548 4260 637 4346 886).

257 4405 334 4471 Non
367 4408 483 4470 tamen
515 4402 660 4468 multum
692 4400 754 4467 hoe
786 4399 1018 4467 testimonium
1047 4400 1159 4484 valet,
1183 4399 1213 4465 si
1235 4420 1343 4466 reeor-

214 4547 332 4616 damur
374 4545 502 4614 scholia
541 4545 727 4634 posteriore
772 4543 903 4610 demum
942 4547 1092 4631 tempore
1133 4541 1177 4609 nd
1209 4544 1342 4616 textum
