3466 5536
761 818 801 883 61

212 1033 295 1098 pace
325 1011 395 1076 frui
427 1011 563 1100 cupidos
588 1036 670 1080 esse.
706 1012 965 1080 Lacedaemonii
989 1037 1079 1097 vero,
1104 1013 1219 1101 pergit
1241 1013 1344 1080 histo-

211 1153 319 1237 ricus,
352 1176 390 1220 eo
419 1154 526 1241 magis
551 1155 595 1221 ad
617 1154 735 1222 foedus
761 1155 951 1221 feriendum
975 1158 1166 1243 vergebant
1190 1154 1345 1239 ἐπιθυμίᾳ

211 1299 268 1358 τῶν
300 1296 408 1377 ἀνδρῶν
438 1302 495 1360 τῶν
527 1298 560 1361 ἐκ
591 1305 644 1373 τῆς
675 1298 758 1373 νήσου
789 1296 981 1376 κομίσασθαι
1014 1303 1050 1365 et
1073 1302 1161 1365 tum:
1188 1294 1262 1372 ἦσαν
1285 1297 1345 1378 γὰρ
1381 1351 1383 1355 .

213 1441 238 1502 οἱ
260 1442 459 1521 Σπαρτιᾶται
481 1441 577 1504 αὐτῶν
601 1440 711 1520 πρῶτοί
732 1465 767 1504 τε
790 1439 842 1505 καὶ
862 1442 882 1527 †
902 1432 1007 1518 ὁμοίως
1030 1440 1120 1522 σφίσι
1139 1443 1157 1528 †
1176 1438 1343 1518 ξυγγενεῖς.

255 1582 364 1650 Locus
399 1584 644 1669 conclamatus3
670 1606 781 1651 omnes
807 1584 1016 1651 coniecturas
1040 1583 1073 1651 h.
1098 1583 1121 1650 l.
1146 1606 1344 1649 enumerare

210 1748 276 1791 non
299 1725 394 1808 libet,
419 1725 487 1793 vid.
513 1725 664 1810 Classen,
685 1727 743 1814 qui
765 1732 841 1815 post
865 1727 950 1793 alias
965 1726 1051 1793 citat
1062 1725 1343 1793 Rauchenstcinii

212 1866 448 1954 suspicionem,
491 1891 591 1956 quam
633 1869 670 1934 in
702 1873 834 1936 textum
869 1868 998 1957 recepit
1032 1867 1150 1950 Stahl,
1194 1868 1207 1931 ὃ
1219 1891 1244 1947 μ
1259 1892 1271 1931 ο
1284 1874 1343 1932 ior

212 2011 301 2090 σφίσι
325 2009 491 2089 ξυγγενεῖς.

257 2153 342 2218 Mihi
381 2154 473 2221 loeus
509 2158 603 2220 certa
638 2153 870 2220 emendatione
905 2153 1021 2220 sanari
1055 2176 1151 2241 posse
1186 2153 1340 2221 videtur:

210 2293 353 2380 legerim
380 2294 469 2360 enim
491 2318 525 2358 π.
550 2318 578 2357 τ.
602 2319 629 2360 κ.
662 2294 791 2370 ὁμοῖοι
813 2292 880 2358 καὶ
903 2292 995 2375 σφίσι
1017 2292 1183 2372 ξυγγενεῖς.
1207 2294 1340 2361 Vitium

211 2439 326 2502 autem
345 2437 406 2504 hoc
425 2437 519 2505 modo
544 2442 596 2504 est
618 2442 752 2504 natum:
778 2438 920 2504 dederat
942 2437 1181 2524 proculdubio
1205 2437 1341 2524 Thucy·

210 2577 305 2644 dides
340 2579 431 2654 ὁμοῖοι
465 2577 533 2652 καί,
568 2601 629 2666 per
663 2579 943 2666 haplcgraphiam
977 2583 1054 2646 orta
1088 2582 1140 2646 est
1171 2579 1341 2667 scriptura

205 2720 275 2796 ’ὂμον
316 2743 381 2784 aar:
417 2718 472 2784 xxi
503 2724 538 2789 et
572 2722 610 2793 ὡς
644 2721 909 2805 confunduntur,
956 2722 992 2787 in
1032 2725 1165 2787 textum
1199 2721 1340 2809 irrepsit

209 2865 447 2954 inexplicabile
470 2866 557 2932 illud
581 2865 695 2943 ὁμοίως.

253 3009 376 3097 Itaque
400 3008 620 3094 Thucydides
644 3007 728 3074 dicit
749 3008 902 3095 captivos
922 3007 997 3074 ideo
1016 3007 1130 3094 magni
1151 3005 1335 3089 aestimari,

208 3152 296 3238 quod
319 3156 424 3231 erant
440 3151 608 3239 principes
633 3151 802 3233 civitatis,
828 3155 863 3218 et
886 3151 994 3232 ὁμοῖον,
1020 3153 1056 3216 et
1079 3150 1139 3233 iis,
1168 3150 1225 3237 qui
1250 3149 1338 3215 domi

210 3298 324 3378 erant,
357 3293 606 3380 consanguinei.
637 3293 798 3360 Fortasse
820 3295 1001 3382 praeterea
1025 3291 1135 3373 πρῶτοί
1155 3316 1190 3355 τε
1214 3315 1337 3380 expun-

208 3436 354 3522 gendum
378 3439 494 3503 estut
515 3436 683 3522 glossema
707 3436 837 3504 insoliti
862 3435 1016 3504 vocabuli
1036 3435 1136 3513 ὁμοῖον,
1151 3434 1216 3523 (De
1229 3433 1337 3511 ὁμοίως

207 3579 276 3645 vid.
319 3578 456 3646 Gilbcrt
494 3579 710 3665 „Handbuch
744 3579 805 3644 der
836 3577 1079 3644 Griechischen
1114 3576 1336 3642 Staatsalter·

207 3722 368 3788 thiimer”
403 3744 480 3809 pag.
516 3722 665 3803 42-43,
701 3721 788 3787 Xen.
823 3720 914 3786 Hell.
950 3720 1093 3803 111--3,
1130 3722 1167 3804 5;
1200 3718 1336 3798 ἧμνκρνὶ

207 3862 367 3946 tartaria,
392 3885 478 3952 quae
489 3915 496 3946 ,
509 3867 549 3929 ut
561 3861 716 3946 videtur,
741 3861 820 3929 solis
833 3863 1010 3929 constabat
1023 3859 1131 3940 ὁμοίοις
1145 3883 1336 3927 commemo-

206 4010 304 4073 ratur
326 4006 398 4072 ibid
421 4009 439 4089 ἕ
463 4008 484 4072 8
507 4006 549 4073 cf.
564 4006 669 4072 Thuc.
683 4005 800 4090 1-67,
819 4007 854 4089 3,
868 4005 926 4072 ubi
937 4005 1082 4091 legimus
1094 4003 1238 4081 ξύλλογον
1251 4007 1336 4084 σφῶν

204 4151 300 4213 αὐτῶν
319 4189 361 4198 -
382 4150 431 4213 τὸν
455 4129 585 4213 &tastu
608 4149 630 4215 i.
653 4172 692 4231 e.,
727 4147 916 4235 interprete
947 4148 1196 4231 Herwerdenc‚
1228 4147 1334 4214 maior

203 4291 313 4359 contio
335 4313 422 4380 quae
446 4290 596 4356 omnibus
621 4290 797 4356 constabat
820 4289 1009 4377 Spartanis,
1028 4289 1112 4356 satis
1131 4289 1334 4356 habentibus

202 4458 364 4502 annorum
386 4435 457 4503 scil.
481 4436 534 4501 30.

246 4579 322 4645 Non
353 4578 476 4645 inutile
508 4579 652 4645 fortasse
684 4578 752 4645 erit
772 4578 826 4645 his
850 4577 1112 4645 correctionibus
1136 4577 1206 4645 alia
1230 4578 1333 4645 etiam
