3466 5536
759 811 800 876 15

211 1029 265 1072 ces
299 1006 389 1071 filias
424 1005 460 1070 in
494 1028 595 1072 scena
628 1005 874 1094 pulcherrima,
907 1008 982 1093 nbi,
1013 1030 1214 1096 quamquam
1237 1009 1342 1076 oculis

210 1149 384 1237 privatus,
418 1148 460 1215 de
490 1154 580 1216 sorte
611 1172 674 1216 sua
703 1150 828 1217 certior
850 1151 980 1232 factus,
1006 1172 1087 1216 suae
1109 1154 1224 1217 tamen
1245 1152 1343 1218 mise·

212 1292 285 1357 riae
315 1292 516 1359 mentionem
538 1316 605 1358 non
627 1293 721 1359 facit.
753 1293 920 1381 Deplorat
948 1292 1080 1381 puellas
1110 1292 1342 1359 innocentissi-

212 1458 301 1518 ωας,
325 1435 462 1504 futuras
483 1437 589 1503 omnis
612 1436 731 1522 gaudii
754 1440 926 1524 expertes:
951 1436 993 1501 de
1017 1435 1086 1502 suis
1109 1437 1210 1502 rebus
1237 1439 1340 1502 tacet.

213 1577 309 1643 Talis
343 1580 379 1643 et
407 1581 526 1644 tantus
561 1578 616 1646 vir
648 1602 715 1644 non
749 1579 856 1645 solum
885 1579 1117 1646 misericordia
1146 1579 1206 1645 sed
1237 1580 1342 1647 etiam

212 1720 407 1786 reverentia
440 1725 476 1788 et
510 1719 733 1789 admiratione
766 1746 827 1788 nos
857 1722 1015 1810 complet:
1041 1722 1247 1788 admiramur
1270 1723 1341 1789 ani·

211 1885 300 1926 mum
333 1862 486 1928 laborum
517 1866 552 1929 et
574 1863 698 1929 doloris
720 1863 924 1952 patientem,
957 1885 1087 1952 semper
1109 1864 1152 1930 de
1176 1865 1253 1930 aliis
1277 1865 1341 1931 sol-

211 2002 359 2086 licitum,
383 2005 480 2070 nulla
501 2005 567 2070 fati
589 2005 626 2072 vi
649 2005 692 2072 ad
711 2005 922 2093 impietatem
940 2009 1147 2073 commotum.
1166 2006 1342 2095 Nusquam

211 2145 248 2210 in
277 2144 484 2212 Graecorum
514 2147 641 2213 fabulis
671 2147 782 2215 virum
813 2148 929 2214 inveni
952 2152 1071 2215 tantae
1095 2149 1200 2214 animi
1222 2150 1340 2215 altitu·

211 2288 316 2372 dinis,
340 2289 433 2355 tanti
454 2290 549 2355 nullo
572 2290 685 2356 dolore
709 2290 794 2358 victi
816 2291 955 2373 roboris,
978 2294 1098 2357 tantae
1117 2291 1339 2374 innocentiae,

210 2431 302 2497 tanti
324 2431 459 2519 patriae
483 2432 616 2499 amoris,

255 2573 374 2639 Alium
415 2575 563 2640 animum
604 2575 719 2663 prodit
760 2573 869 2642 Creon
906 2577 943 2642 in
977 2576 1129 2643 oratione
1163 2576 1349 2643 notissima·

211 2715 309 2801 (ant.
334 2718 398 2783 162
422 2717 516 2806 sqq.),
541 2718 646 2784 alium
669 2719 835 2806 Oedipus:
859 2718 1014 2784 Thebani
1037 2742 1122 2802 eum,
1142 2722 1183 2785 nt
1203 2723 1337 2806 patrem

210 2860 342 2943 colunt,
378 2859 450 2948 ipse
485 2862 615 2929 civibus
647 2861 716 2928 suis
743 2861 837 2928 mitis
860 2865 914 2928 est
935 2885 1013 2928 rex:
1037 2863 1139 2942 πατὴρ
1162 2859 1229 2934 δ’ἔς
1252 2863 1338 2936 tarrac

210 2997 269 3075 ἦεν.
293 3042 335 3049 -
363 3003 395 3090 ¹)

255 3146 420 3234 Oedipus,
444 3148 504 3236 qui
525 3148 686 3236 Sphingis
710 3149 868 3236 aenigma
888 3148 982 3215 hand
1003 3152 1205 3215 cunctanter
1225 3148 1337 3232 solvit,

209 3288 313 3370 aaa„
342 3290 489 3370 κυρήσαις,
520 3294 590 3374 est,
620 3295 661 3358 nt
691 3291 766 3357 iure
788 3291 963 3358 contendit
986 3290 1196 3372 Schmclzer,
1235 3291 1339 3374 „cin

210 3431 493 3498 denkender
527 3433 696 3498 Mann.”
738 3432 855 3499 Etiam
897 3431 934 3497 in
974 3431 1051 3498 rixa
1087 3454 1162 3497 cum
1193 3431 1338 3499 Creonte

209 3573 331 3662 Oedipi
371 3576 478 3643 verba
516 3576 699 3642 ostendunt
742 3575 835 3660 „den
876 3574 1050 3661 logischen
1084 3575 1226 3663 Kopf.”;
1263 3575 1338 3640 iure

209 3717 298 3783 enim
331 3722 431 3804 rogat
460 3741 537 3800 rex,
569 3741 649 3782 num
679 3723 796 3800 vates,
821 3717 905 3784 Laio
928 3717 1052 3801 occiso,
1078 3717 1196 3785 statim
1218 3717 1337 3783 occiso

208 3883 280 3925 rem
302 3859 523 3944 indicaverit,
546 3884 626 3925 num
650 3861 768 3927 statim
790 3861 899 3945 cives,
920 3860 1003 3927 duce
1024 3861 1153 3943 amisso,
1174 3860 1216 3925 de
1234 3861 1337 3926 caede

207 4103 430 4114 ——

249 4249 277 4328 ¹)
295 4251 429 4325 Limburg
453 4253 584 4311 Brouwer
609 4270 657 4327 pg.
687 4254 742 4311 42:
773 4269 899 4310 wanneer
926 4251 968 4325 πῂ·
997 4251 1058 4310 zien
1077 4252 1128 4308 hoc
1150 4250 1221 4324 ziJne
1240 4250 1338 4309 onder-

202 4360 291 4418 danen
316 4361 379 4418 hem
405 4377 485 4418 ceren
511 4378 546 4418 en
571 4361 738 4419 liethebbcn.
759 4359 872 4432 Weinig
890 4359 996 4416 scheelt
1014 4359 1078 4432 het,
1099 4358 1130 4416 of
1147 4358 1181 4430 aij
1202 4357 1339 4430 vergoden

202 4467 278 4538 hem,
315 4467 368 4525 den
404 4467 499 4525 adalcn
536 4468 633 4526 reddet
669 4484 724 4525 van
761 4465 820 4524 hun
849 4466 1012 4536 raderland,
1043 4466 1096 4523 den
1128 4464 1338 4537 regtmardigen

200 4573 319 4647 haring,
341 4575 394 4632 den
415 4575 511 4632 vriend
531 4575 618 4646 zijncr
637 4575 820 4633 onderdanen.
