3490 5540
911 815 974 880 106

420 963 624 1098 Nemo'post
647 1008 857 1078 Wunderum
881 1008 1069 1092 dubitabit,
1096 1032 1177 1074 num
1200 1010 1307 1077 verba
1329 1008 1381 1073 uxi
1405 1008 1507 1072 διπλᾶ

375 1155 476 1234 Φορεῖν
497 1149 580 1216 κκκοὶ
599 1155 758 1239 corrupta
779 1150 856 1218 sint.
879 1149 1009 1234 Nauck,
1031 1150 1083 1217 cui
1098 1150 1285 1218 assentitur
1296 1151 1505 1234 Heimsoeth‚

375 1294 548 1381 ingeniose
580 1293 677 1376 θροεῖν
710 1293 870 1376 coniecit,
905 1293 993 1383 quod
1026 1293 1063 1359 in
1093 1296 1225 1360 textum
1257 1293 1407 1382 recipere
1438 1318 1508 1361 non

374 1436 547 1505 dubitavit
580 1461 612 1505 v.
643 1435 863 1504 Herwcrden.
899 1435 1090 1524 Speciosam
1124 1435 1211 1502 hanc
1245 1436 1505 1519 correctionem,

290 1637 293 1644 ,
375 1579 416 1646 de
439 1600 507 1667 qua
527 1578 581 1666 egi
605 1577 650 1646 ad
672 1601 721 1647 vs,
747 1578 805 1644 ll.
831 1577 991 1644 damnare
1014 1601 1079 1644 non
1103 1576 1222 1644 ausim.

420 1719 531 1805 Magis
572 1722 687 1787 tamen
728 1718 812 1786 mihi
853 1718 1039 1802 arrideret,
1082 1719 1170 1808 quod
1210 1719 1380 1806 relegenti
1416 1720 1506 1787 hanc

376 1884 508 1930 scenam
532 1861 614 1928 mihi
637 1861 733 1930 venit
756 1861 791 1927 in
813 1863 976 1928 mentem:
1001 1860 1100 1926 διπλοῖ
1123 1885 1157 1926 σε
1181 1859 1320 1945 πενθεῖν,
1346 1861 1381 1926 εἰ
1405 1862 1505 1926 διπλοῖ

376 2007 514 2085 Φορεῖς
548 2001 645 2086 κοοκοῖ,
682 2003 708 2066 εἱ
739 2002 810 2070 scil.
842 2003 1089 2090 significatione
1122 2003 1328 2093 „siquidem
1354 2004 1503 2092 quando·

375 2147 547 2236 quidem”,
581 2146 622 2214 de
652 2170 715 2236 quo
745 2171 809 2214 usu
831 2146 910 2215 vide
933 2146 1077 2214 lexicum
1099 2145 1284 2226 Ellendtii,
1307 2146 1366 2236 qui
1388 2149 1504 2213 tamen

374 2289 463 2357 male
485 2292 595 2358 totum
616 2290 725 2357 locum
750 2288 906 2377 explicat.
931 2289 1038 2356 Recte
1061 2289 1085 2356 J
1087 2289 1150 2356 ebb
1174 2291 1275 2369 φορεῖν
1294 2285 1375 2352 κοκοὶ
1395 2288 1505 2356 vertit

379 2436 440 2518 „to
475 2453 580 2519 carry
614 2431 671 2498 ills
707 2433 809 2498 about
842 2429 928 2499 with
961 2430 1073 2498 thce'’.
1121 2430 1296 2498 Vocabula
1334 2429 1432 2494 διπλοῖ
1466 2453 1503 2492 σε

375 2571 497 2637 πενθεῖν
521 2575 676 2662 spectant
699 2574 744 2641 ad
764 2573 884 2661 Oedipi
908 2571 1185 2640 exclamationem
1203 2570 1282 2649 οῖμον
1299 2569 1378 2648 μάλ’
1399 2565 1500 2636 αὖθις·

374 2718 480 2784 verba
514 2720 628 2783 autem
663 2717 760 2779 διπλοῖ
790 2714 873 2780 κκκοὶ
904 2715 1117 2804 explicantur
1141 2738 1242 2806 versu
1269 2714 1355 2781 1318
1378 2713 1503 2794 κέντρων

374 2882 409 2924 τε
431 2859 515 2923 τῶνδ’
540 2858 688 2941 οἷσπρνρμοι
711 2857 762 2923 acci
786 2860 889 2936 μνήμη
912 2863 1018 2926 κακῶν.

417 3002 599 3093 Postquam
629 3003 654 3067 εῖ
685 3002 832 3070 obiitin
861 3001 930 3086 κκῖ,
965 3024 1101 3070 necesse
1135 3005 1211 3069 erat
1242 3004 1344 3082 Φορεῖς
1366 3004 1500 3067 mutare

374 3147 410 3214 in
434 3150 544 3228 Φορεῖν.

419 3289 630 3356 Confusionis
656 3293 769 3356 autem
792 3290 883 3355 inter
907 3289 956 3372 εῖ,
981 3287 1049 3352 κοί
1071 3292 1106 3355 et
1129 3290 1166 3360 ὡς
1192 3287 1341 3376 plurima
1364 3292 1502 3356 exstant

374 3430 535 3519 exempla.
561 3431 616 3499 Sic
640 3432 678 3499 0.
703 3433 745 3498 R.
770 3432 852 3497 814:
1545 3399 1550 3404 .

931 3573 956 3636 εἰ
980 3573 1012 3638 δὲ
1036 3574 1076 3654 τῷ
1099 3571 1170 3654 ξένῳ

573 3715 665 3797 τούτῳ
696 3717 887 3798 προσήκει
923 3715 1009 3796 Λοοῖῖρ
1032 3740 1061 3781 πο
1086 3716 1248 3794 συγγενές,

373 3861 489 3949 procul
523 3860 623 3927 dubio
656 3884 730 3928 cum
760 3860 991 3927 Heimsoethio
1022 3859 1078 3945 (K.
1103 3860 1136 3927 S.
1160 3884 1215 3948 pg.
1241 3860 1295 3946 53)
1320 3860 1501 3946 legendum

373 4028 433 4093 pro
468 4006 624 4092 corrupto
659 4002 860 4084 προπήκεν,
896 4001 1069 4070 lenissima
1104 4002 1259 4070 adhibita
1289 4003 1499 4087 coniectura,

375 4155 516 4226 προσῆν
540 4144 615 4209 ccl.
640 4145 797 4233 Suspicor
821 4169 881 4233 pro
900 4154 1008 4227 προοῖν
1026 4145 1080 4209 κοί
1097 4146 1366 4232 magistellorum
1386 4109 1500 4212 errore

374 4289 536 4377 scriptum
551 4251 553 4254 Ι
571 4311 642 4355 esse
678 4282 820 4368 προοῆν
862 4287 911 4371 εἰ,
955 4288 1042 4376 quod
1083 4287 1249 4375 posterior
1286 4287 1500 4374 magistellos

373 4431 488 4520 inepte
519 4433 674 4499 mutabat
704 4431 740 4496 in
769 4431 918 4512 προσήκει.
950 4429 1030 4497 ibid.
1062 4453 1111 4497 vs
1136 4431 1179 4496 54
1202 4429 1236 4495 A
1258 4429 1362 4496 habet
1383 4426 1498 4512 ὥσπερ,

271 4537 275 4548 ·
373 4575 401 4639 L
428 4571 481 4660 [F]
505 4583 532 4638 Σ
556 4575 593 4646 ὡς
617 4572 710 4653 εἴπερ.
