3466 5536
971 782 1013 846 10

423 975 519 1050 σόκων,
555 979 619 1044 977
656 981 718 1050 πῶς
755 975 792 1041 iar
827 975 863 1040 τό
895 979 927 1056 γ’
962 969 1031 1042 Ξκσν
1065 977 1187 1058 πρᾶγμ’
1223 975 1259 1040 :a
1283 975 1401 1048 εἰκότως
1424 975 1551 1056 ψόγοιςς

463 1119 558 1188 Idem
589 1119 674 1188 dicit
706 1117 900 1206 Antigona,
933 1121 992 1188 ubi
1014 1120 1199 1188 incolarum
1222 1120 1321 1188 choro
1344 1119 1550 1208 persuadere

418 1267 559 1332 conatur
583 1265 662 1350 (vsu.
688 1266 753 1333 236
777 1264 882 1355 sqq.):
907 1263 997 1346 ἔργων
1024 1263 1032 1331 ό
1058 1261 1186 1328 σὶκόντων
1209 1261 1324 1336 σὶόσντες
1347 1260 1451 1330 edida

463 1407 599 1476 Invitus
623 1407 770 1496 Oedipus
793 1408 877 1476 feeit
899 1431 986 1498 quae
1010 1407 1179 1496 patravit,
1199 1406 1323 1474 inscius
1345 1429 1420 1474 eum
1438 1409 1549 1472 matre

419 1551 455 1618 in
476 1550 570 1640 turpi
594 1549 683 1618 vixit
705 1550 962 1619 consuetudine:
987 1555 1069 1634 κνκᾷ
1093 1551 1200 1634 μἐὐνᾷ
1225 1549 1313 1622 πόλις
1338 1548 1419 1614 οὐδὲν
1443 1545 1547 1636 ἴδρννό

418 1691 528 1772 νόμων
563 1693 697 1770 ἐνέδησεν
733 1691 796 1778 ἄτᾳ
828 1693 878 1781 (Ο.
914 1692 950 1762 C.
986 1718 1052 1762 vss.
1089 1693 1280 1780 aaa-526)
1309 1732 1352 1740 —
1375 1694 1547 1779 Lugentes

420 1839 455 1905 et
489 1838 680 1923 relegentes
715 1840 893 1925 utramque
928 1838 1080 1905 fabulam
1103 1839 1154 1922 (Ο.
1179 1839 1221 1905 R.
1247 1841 1283 1905 et
1306 1837 1345 1905 0.
1370 1837 1420 1920 O.)
1445 1835 1546 1903 senti-

418 2003 506 2062 mus,
540 2002 640 2068 quam
674 1981 807 2048 frustra
840 2003 915 2048 eum
949 1980 1021 2048 deis
1055 1979 1257 2068 deorumque
1287 1979 1370 2046 fatis
1395 1980 1548 2067 pugnent

417 2121 568 2189 homines
592 2161 634 2170 -
655 2120 745 2186 σὶλνσὶ
765 2121 867 2205 {iperet
886 2159 942 2207 -,
962 2122 1021 2212 qui
1039 2147 1081 2190 ne
1102 2122 1245 2209 cognitis
1266 2122 1401 2212 quidem
1419 2120 1546 2188 futuris

419 2267 544 2331 sortem
586 2265 736 2352 effugere
777 2268 934 2354 possunt:
976 2262 1266 2350 „Menschenwitz
1301 2263 1349 2332 ist
1382 2263 1545 2331 maehtlos

417 2430 528 2494 gagen
554 2407 833 2477 Giitterwillen.”

462 2549 568 2618 Laius
602 2550 729 2618 occisus
763 2554 816 2618 est
847 2550 978 2634 afilio,
1003 2549 1061 2638 qui
1084 2553 1200 2617 tamen
1227 2545 1362 2634 „radda
1386 2547 1544 2629 σὶνσόδρω”

418 2693 470 2780 (Ο.
495 2693 531 2760 C.
556 2694 633 2777 271)
658 2697 693 2760 et
714 2694 799 2761 bene
823 2694 953 2781 seipse
978 2692 1134 2760 defendit
1156 2693 1195 2761 0.
1219 2693 1255 2762 C.
1281 2694 1345 2760 545
1369 2713 1458 2781 sqq.:

530 2834 583 2899 rui
605 2835 666 2916 νόω
691 2833 776 2908 όινωνς
802 2836 836 2921 (i.
862 2861 889 2903 e.
915 2835 1036 2921 όγνσῶν)
1062 2833 1211 2916 ἐφόνευσαν
1232 2834 1284 2900 καὶ
1308 2834 1418 2900 cinara·

628 2977 705 3059 νόμῳ
730 2977 762 3042 δὲ
786 2975 935 3059 aarum,
961 2978 1056 3060 ἄιδρις
1080 2979 1122 3052 εἷς
1145 2977 1207 3043 τόδ’
1231 2973 1332 3052 ἦλθόν.

462 3121 687 3210 Apollodorus
722 3126 836 3190 autem
869 3123 917 3206 (ΙΙ
946 3123 983 3204 4,
1021 3123 1058 3206 9,
1093 3121 1127 3208 2)
1164 3144 1289 3189 summo
1324 3122 1397 3189 iure
1432 3122 1545 3190 iustis·

420 3264 495 3332 simi
529 3264 785 3332 Rhadamanthi
818 3265 906 3333 citat
940 3265 1160 3333 sententiam:
1195 3261 1226 3338 ός
1255 3262 1291 3328 dr
1321 3263 1474 3344 όμόνκσκι
1497 3265 1546 3329 τόν

420 3411 527 3488 χειρῶν
557 3407 664 3473 νὶδόκων
695 3406 847 3489 όόρξκντω,
882 3406 979 3490 attritu
1010 3404 1094 3472 εἶνων.
1128 3408 1274 3497 Oedipus
1307 3409 1394 3475 enim
1417 3409 1544 3497 necopi-

418 3552 499 3616 nato
529 3573 550 3617 a
580 3551 664 3617 Laio
693 3552 911 3634 verberatur,
942 3555 1118 3640 postquam
1146 3550 1267 3637 auriga
1290 3554 1326 3617 et
1347 3551 1420 3638 ipse
1444 3574 1545 3617 senex

419 3693 549 3761 frustra
572 3715 646 3759 eum
670 3693 852 3761 detrudere
882 3694 995 3761 conati
1025 3696 1114 3762 sunt.
1139 3694 1238 3760 Iusta
1261 3692 1452 3760 exardescit
1474 3693 1543 3776 ira,

419 3835 597 3924 caeditque
630 3835 752 3902 Laium
790 3835 891 3921 „auis
927 3838 1098 3903 dusserste
1132 3835 1284 3922 gereizt”
1316 3835 1543 3919 (Sahmelzer).

418 3977 514 4044 Idem
547 3977 700 4045 iudicant
733 3978 853 4044 Bruhn
884 4003 939 4067 pg.
964 3980 984 4044 6
1012 4002 1098 4064 „zur
1121 3977 1284 4045 Nutwehr
1306 3977 1543 4064 gezwungen”

419 4124 454 4187 et
483 4120 649 4207 Limburg
679 4121 842 4189 Brouwer
871 4143 926 4210 pg.
958 4122 1000 4188 31
1033 4120 1235 4206 „volkomen
1258 4118 1457 4208 onsehuldig
1480 4142 1545 4187 aan

419 4262 621 4352 eigenlijken
644 4263 895 4333 vadermoord.'’
925 4263 953 4350 ¹)

461 4557 489 4638 ¹)
510 4560 791 4623 Wolff-Bellerman
821 4562 856 4624 ad
887 4578 957 4623 vers.
990 4562 1048 4624 804
1079 4561 1151 4620 inter
1180 4561 1236 4620 alia
1263 4577 1369 4619 summo
1395 4560 1455 4618 iure
1482 4561 1548 4619 haee
