3490 5540
791 823 833 887 99

251 1010 437 1093 ὀφθαλμός,
471 1038 538 1103 qua
573 1016 804 1084 coniunctione
839 1018 994 1084 nonnulli
1028 1019 1146 1086 offensi
1169 1027 1264 1102 sunt,
1290 1020 1379 1086 omni

250 1176 368 1221 carere
391 1156 592 1240 offensione,
617 1157 782 1245 siquidem
805 1158 893 1236 μέγα
921 1160 977 1228 vel
997 1159 1144 1237 μέγιστον
1163 1163 1228 1242 Φῶς
1257 1161 1396 1255 εαθρίεῃ

248 1297 330 1364 sime
365 1297 554 1381 invenitur,
589 1300 632 1366 of.
670 1323 697 1366 e.
721 1322 754 1386 g.
789 1301 871 1368 Eur.
909 1302 937 1367 Ι.
972 1302 1016 1368 Α.
1054 1303 1140 1368 1063
1175 1301 1262 1379 μέγα
1297 1306 1380 1384 Φῶς,

248 1440 369 1507 Bacch.
395 1441 461 1508 608
483 1438 566 1522 <Datos
589 1441 744 1519 μέγιστον.

292 1723 361 1790 Ad
396 1749 457 1794 vs.
495 1727 598 1793 1019:

382 1878 445 1934 Ar.
470 1870 500 1933 οὐ
523 1871 644 1947 μᾶλλον
666 1869 748 1935 οὐδὲν
770 1871 856 1934 τοῦδε
879 1870 1021 1953 τάνδρός,
1045 1873 1119 1936 ἀλλ’
1144 1871 1212 1936 ἴσον.

381 2021 451 2076 ΟΙΔ
475 2011 527 2076 καὶ
550 2017 615 2086 πῶς
638 2014 652 2077 ὃ
675 2012 778 2095 φύσας
802 2011 837 2090 ἐξ
860 2013 921 2079 ἴσου
944 2015 985 2096 τῷ
1008 2015 1168 2092 unicust

383 2164 436 2221 ΑΓ
461 2157 534 2219 ἀλλ’
559 2155 592 2220 οὔ
614 2158 641 2219 σ’
667 2155 797 2234 ἕγείνκτ’
822 2156 882 2221 οὔτ’
907 2157 1013 2231 ἐκεῖνος
1036 2156 1095 2221 οὔτ’
1120 2157 1189 2235 ἐγώ.

290 2298 424 2365 Iniuria
465 2298 587 2366 Nauck
630 2300 739 2366 eicere
779 2299 866 2367 velit
910 2322 977 2367 vss.
1014 2300 1244 2368 1019-1020.
1283 2299 1380 2382 Quod

246 2445 358 2508 antem
387 2441 534 2531 Oedipus
559 2442 680 2509 Laium
702 2446 802 2510 vocat
825 2442 838 2506 ὁ
868 2441 991 2523 Odore,
1014 2464 1216 2532 quamquam
1238 2443 1378 2510 nuntius

247 2583 407 2652 distinete
432 2547 592 2652 elocutus
625 2589 701 2652 erat
732 2585 794 2670 (vs,
827 2585 927 2670 1018)
964 2586 1061 2652 illum
1096 2585 1217 2674 Oedipi
1245 2590 1378 2672 patrem

244 2751 311 2794 non
342 2750 432 2810 osse,
457 2727 713 2816 psychologice‚
738 2728 767 2795 si
791 2729 843 2796 ita
865 2729 977 2796 dioere
1000 2728 1099 2811 licet,
1125 2688 1248 2815 optime
1273 2728 1378 2815 expli-

245 2870 388 2937 oandum
419 2873 472 2938 est
504 2867 702 2937 Thebarum
731 2893 863 2958 regem,
887 2871 945 2959 qui
968 2895 1028 2960 per
1051 2870 1281 2959 quadraginta
1304 2870 1378 2937 fere

245 3034 348 3079 annos
381 3013 504 3080 Laium
538 3014 725 3100 „patrem”
757 3017 957 3096 vocaverat,
982 3013 1086 3080 etiam
1109 3016 1185 3101 post
1209 3034 1265 3093 ea,
1290 3034 1376 3100 quae

245 3157 395 3243 audivit,
424 3160 558 3238 tamen,
589 3160 629 3222 ut
652 3157 799 3239 solebat,
822 3155 914 3244 loqui
937 3156 979 3222 de
1005 3156 1184 3222 educatore
1208 3156 1244 3220 et
1267 3154 1377 3221 altore

244 3297 341 3366 velut
366 3297 409 3365 de
431 3301 530 3386 patre
555 3321 622 3364 suo.
646 3298 833 3364 Praeterea
850 3320 916 3363 non
936 3296 1054 3364 statim
1072 3295 1236 3384 perspioit
1247 3317 1376 3362 omnem

244 3439 444 3522 veritatem,
481 3438 569 3526 quod
601 3424 694 3506 recte
730 3415 973 3507 animaduertit
1007 3437 1126 3521 Sehol.,
1151 3437 1208 3524 qui
1233 3436 1376 3504 adnotat

245 3579 290 3645 ἔτι
325 3581 386 3662 γὰρ
417 3578 555 3658 Πολύβου
586 3578 701 3659 νομίζει
732 3579 847 3644 ἑαυτόν.
877 3581 937 3648 VS.
963 3581 1049 3647 1020
1072 3583 1202 3662 autem,
1226 3603 1309 3662 non,
1333 3586 1373 3647 ut

243 3723 294 3790 ait
325 3723 474 3806 Nauck,
506 3722 656 3790 trivialis
680 3723 840 3811 repetitio
863 3726 916 3790 est
937 3745 1056 3790 versus
1081 3723 1184 3804 1018,
1209 3722 1268 3788 sed
1291 3720 1374 3787 nun-

241 3865 328 3950 tius,
365 3866 493 3949 iratus,
530 3865 618 3953 quod
652 3864 799 3953 Oedipus
834 3864 957 3932 Laium
991 3864 1040 3930 τὸν
1074 3862 1219 3944 φύσαντα
1253 3884 1373 3930 vocare

242 4008 373 4096 pergit,
399 4032 472 4075 oum
496 4007 712 4096 impatientia
732 4007 847 4095 aliqua
866 4007 1048 4094 respondet
1067 4007 1140 4070 ἀλλ’
1161 4004 1193 4068 οὔ
1211 4003 1372 4081 o's’ysc‘var'

246 4149 307 4214 οὔτ’
331 4151 437 4222 ἐκεῖνος
460 4149 521 4215 οὔτ’
545 4149 604 4226 ἐγώ
628 4147 672 4232 (οὔ
695 4187 735 4198 -
759 4149 820 4213 οὔτ’
844 4189 887 4196 -
910 4148 994 4234 οὔτ’).

285 4291 409 4358 Prooul
435 4292 535 4358 dubio
560 4314 640 4360 vero
664 4296 860 4380 corruptum
884 4295 937 4358 est
959 4292 1001 4372 τῷ
1024 4289 1139 4382 nnita.
1173 4289 1372 4356 Necessario

240 4435 328 4500 enim
364 4433 419 4501 hio
452 4435 641 4523 requiritur
667 4457 801 4502 sensus:
827 4433 986 4523 quomodo
1008 4432 1055 4517 is,
1079 4433 1137 4522 qui
1158 4455 1211 4498 me
1235 4431 1370 4518 genuit,

240 4578 329 4644 idem
364 4599 437 4644 esse
472 4581 585 4665 potest
619 4581 722 4665 atque
753 4577 799 4660 ir,
828 4576 886 4665 qui
908 4598 962 4643 me
985 4599 1050 4642 non
1073 4575 1217 4660 genuit?
1250 4575 1372 4662 Itaque
