<?xml version="1.0" encoding="UTF-8"?>
<!DOCTYPE html PUBLIC "-//W3C//DTD XHTML 1.0 Transitional//EN"
    "http://www.w3.org/TR/xhtml1/DTD/xhtml1-transitional.dtd">
<html xmlns="http://www.w3.org/1999/xhtml" xml:lang="en" lang="en">
 <head>
  <title>
</title>
<meta http-equiv="Content-Type" content="text/html;charset=utf-8" />
  <meta name='ocr-system' content='tesseract 3.04.00' />
  <meta name='ocr-capabilities' content='ocr_page ocr_carea ocr_par ocr_line ocrx_word'/>
</head>
<body>
  <div class='ocr_page' id='page_1' title='image "./studiapraeserti00groegoog_0042.png"; bbox 0 0 3466 5536; ppageno 0'>
   <div class='ocr_carea' id='block_1_1' title="bbox 751 813 793 886">
    <p class='ocr_par' dir='ltr' id='par_1_1' title="bbox 751 813 793 886">
     <span class='ocr_line' id='line_1_1' title="bbox 751 813 793 886; baseline -0.024 0"><span class='ocrx_word' id='word_1_1' title='bbox 751 813 793 886; x_wconf 88' lang='lat'>31</span> 
     </span>
    </p>
   </div>
   <div class='ocr_carea' id='block_1_2' title="bbox 200 1015 1335 2109">
    <p class='ocr_par' dir='ltr' id='par_1_2' title="bbox 200 1015 1335 2109">
     <span class='ocr_line' id='line_1_2' title="bbox 201 1015 1335 1106; baseline 0.004 -21"><span class='ocrx_word' id='word_1_2' title='bbox 201 1015 391 1086; x_wconf 82' lang='lat' dir='ltr'>exscribere</span> <span class='ocrx_word' id='word_1_3' title='bbox 410 1020 532 1087; x_wconf 88' lang='lat' dir='ltr'>verba:</span> <span class='ocrx_word' id='word_1_4' title='bbox 557 1040 675 1106; x_wconf 84' lang='lat' dir='ltr'>„saepe</span> <span class='ocrx_word' id='word_1_5' title='bbox 697 1015 795 1094; x_wconf 79' lang='grc' dir='ltr'><em>δεῖξαι</em></span> <span class='ocrx_word' id='word_1_6' title='bbox 816 1017 988 1105; x_wconf 81' lang='lat' dir='ltr'>signifieat</span> <span class='ocrx_word' id='word_1_7' title='bbox 1009 1020 1113 1086; x_wconf 87' lang='lat' dir='ltr'>animi</span> <span class='ocrx_word' id='word_1_8' title='bbox 1130 1021 1335 1091; x_wconf 71' lang='lat' dir='ltr'>sententiam</span> 
     </span>
     <span class='ocr_line' id='line_1_3' title="bbox 200 1155 1302 1250; baseline 0.001 -20"><span class='ocrx_word' id='word_1_9' title='bbox 200 1162 314 1230; x_wconf 90' lang='lat' dir='ltr'>verbis</span> <span class='ocrx_word' id='word_1_10' title='bbox 338 1162 530 1245; x_wconf 77' lang='lat' dir='ltr'>declarare,</span> <span class='ocrx_word' id='word_1_11' title='bbox 556 1155 658 1250; x_wconf 84' lang='lat' dir='ltr'>atque</span> <span class='ocrx_word' id='word_1_12' title='bbox 681 1162 782 1245; x_wconf 79' lang='lat' dir='ltr'>aden,</span> <span class='ocrx_word' id='word_1_13' title='bbox 806 1161 889 1250; x_wconf 90' lang='lat' dir='ltr'>quid</span> <span class='ocrx_word' id='word_1_14' title='bbox 912 1185 1066 1247; x_wconf 78' lang='lat' dir='ltr'>censeaS,</span> <span class='ocrx_word' id='word_1_15' title='bbox 1092 1165 1302 1232; x_wconf 88' lang='lat' dir='ltr'>ostendere.”</span> 
     </span>
     <span class='ocr_line' id='line_1_4' title="bbox 246 1303 1330 1393; baseline -0.001 -21"><span class='ocrx_word' id='word_1_16' title='bbox 246 1305 302 1372; x_wconf 85' lang='lat' dir='ltr'>Sic</span> <span class='ocrx_word' id='word_1_17' title='bbox 333 1305 423 1392; x_wconf 90' lang='lat' dir='ltr'>apud</span> <span class='ocrx_word' id='word_1_18' title='bbox 451 1304 636 1372; x_wconf 86' lang='lat' dir='ltr'>Hesiodum</span> <span class='ocrx_word' id='word_1_19' title='bbox 659 1305 720 1393; x_wconf 90' lang='lat' dir='ltr'>Op.</span> <span class='ocrx_word' id='word_1_20' title='bbox 745 1305 827 1370; x_wconf 77' lang='lat'>502:</span> <span class='ocrx_word' id='word_1_21' title='bbox 864 1303 976 1368; x_wconf 77' lang='grc' dir='ltr'><em>δείκνυε</em></span> <span class='ocrx_word' id='word_1_22' title='bbox 1000 1305 1032 1368; x_wconf 80' lang='grc' dir='ltr'><em>δὲ</em></span> <span class='ocrx_word' id='word_1_23' title='bbox 1056 1305 1200 1383; x_wconf 77' lang='grc' dir='ltr'>δμώεσσι,</span> <span class='ocrx_word' id='word_1_24' title='bbox 1224 1305 1330 1388; x_wconf 76' lang='grc' dir='ltr'><em>θέρευς</em></span> 
     </span>
     <span class='ocr_line' id='line_1_5' title="bbox 203 1445 1333 1532; baseline 0.005 -23"><span class='ocrx_word' id='word_1_25' title='bbox 203 1445 248 1510; x_wconf 79' lang='grc' dir='ltr'>ἔτι</span> <span class='ocrx_word' id='word_1_26' title='bbox 279 1446 393 1525; x_wconf 86' lang='grc' dir='ltr'><em>με’σσου</em></span> <span class='ocrx_word' id='word_1_27' title='bbox 418 1445 529 1520; x_wconf 80' lang='grc' dir='ltr'><em>ἐόντος·</em></span> <span class='ocrx_word' id='word_1_28' title='bbox 553 1446 567 1532; x_wconf 73' lang='lat' dir='ltr'><em>l</em></span> <span class='ocrx_word' id='word_1_29' title='bbox 590 1447 639 1511; x_wconf 89' lang='grc' dir='ltr'>ούκ</span> <span class='ocrx_word' id='word_1_30' title='bbox 663 1445 722 1510; x_wconf 73' lang='grc' dir='ltr'><em>αἰεὶ</em></span> <span class='ocrx_word' id='word_1_31' title='bbox 745 1445 833 1528; x_wconf 82' lang='grc' dir='ltr'><em>θέρος</em></span> <span class='ocrx_word' id='word_1_32' title='bbox 856 1447 1009 1521; x_wconf 82' lang='grc' dir='ltr'><em>ἐσσεῖται,</em></span> <span class='ocrx_word' id='word_1_33' title='bbox 1046 1447 1185 1514; x_wconf 80' lang='grc' dir='ltr'><em>ποιεῖσθε</em></span> <span class='ocrx_word' id='word_1_34' title='bbox 1211 1449 1333 1523; x_wconf 70' lang='grc' dir='ltr'><em>καλιάς.</em></span> 
     </span>
     <span class='ocr_line' id='line_1_6' title="bbox 203 1591 1333 1678; baseline 0 -19"><span class='ocrx_word' id='word_1_35' title='bbox 203 1591 367 1660; x_wconf 85' lang='lat' dir='ltr'>vocabula</span> <span class='ocrx_word' id='word_1_36' title='bbox 390 1591 502 1655; x_wconf 81' lang='grc' dir='ltr'><em>δείκνυε</em></span> <span class='ocrx_word' id='word_1_37' title='bbox 529 1591 563 1655; x_wconf 76' lang='grc' dir='ltr'><em>δὲ</em></span> <span class='ocrx_word' id='word_1_38' title='bbox 587 1591 720 1669; x_wconf 82' lang='grc' dir='ltr'><em>δμώεσσι</em></span> <span class='ocrx_word' id='word_1_39' title='bbox 745 1591 957 1678; x_wconf 84' lang='lat' dir='ltr'>significant:</span> <span class='ocrx_word' id='word_1_40' title='bbox 987 1592 1060 1677; x_wconf 81' lang='lat' dir='ltr'>„die</span> <span class='ocrx_word' id='word_1_41' title='bbox 1084 1595 1224 1662; x_wconf 87' lang='lat' dir='ltr'>servis”.</span> <span class='ocrx_word' id='word_1_42' title='bbox 1245 1594 1333 1660; x_wconf 89' lang='lat' dir='ltr'><strong>Phil.</strong></span> 
     </span>
     <span class='ocr_line' id='line_1_7' title="bbox 201 1729 1335 1811; baseline 0.003 -11"><span class='ocrx_word' id='word_1_43' title='bbox 201 1735 268 1800; x_wconf 79' lang='lat'>426</span> <span class='ocrx_word' id='word_1_44' title='bbox 304 1731 398 1811; x_wconf 80' lang='grc' dir='ltr'><em>οἴμοι,</em></span> <span class='ocrx_word' id='word_1_45' title='bbox 434 1733 479 1797; x_wconf 91' lang='grc' dir='ltr'><em>δύ’</em></span> <span class='ocrx_word' id='word_1_46' title='bbox 515 1729 554 1798; x_wconf 78' lang='grc' dir='ltr'>αὖ</span> <span class='ocrx_word' id='word_1_47' title='bbox 584 1734 655 1804; x_wconf 74' lang='grc' dir='ltr'><em>τύδ’</em></span> <span class='ocrx_word' id='word_1_48' title='bbox 684 1732 929 1811; x_wconf 79' lang='grc' dir='ltr'><em>ἕξὲδειξας</em></span> <span class='ocrx_word' id='word_1_49' title='bbox 952 1737 1017 1809; x_wconf 82' lang='grc' dir='ltr'>κσὲ,</span> <span class='ocrx_word' id='word_1_50' title='bbox 1041 1735 1221 1800; x_wconf 85' lang='grc' dir='ltr'><em>ἕκδεικνύναι</em></span> <span class='ocrx_word' id='word_1_51' title='bbox 1245 1738 1335 1803; x_wconf 91' lang='lat' dir='ltr'>idem</span> 
     </span>
     <span class='ocr_line' id='line_1_8' title="bbox 203 1876 1333 1966; baseline 0 -22"><span class='ocrx_word' id='word_1_52' title='bbox 203 1883 257 1945; x_wconf 87' lang='lat' dir='ltr'>est</span> <span class='ocrx_word' id='word_1_53' title='bbox 279 1881 381 1966; x_wconf 86' lang='lat' dir='ltr'>atque</span> <span class='ocrx_word' id='word_1_54' title='bbox 405 1877 540 1955; x_wconf 77' lang='grc' dir='ltr'><em>ἐκλέγειν</em></span> <span class='ocrx_word' id='word_1_55' title='bbox 563 1877 612 1962; x_wconf 89' lang='lat' dir='ltr'>(L.</span> <span class='ocrx_word' id='word_1_56' title='bbox 637 1876 682 1940; x_wconf 84' lang='grc' dir='ltr'><em>δύ’</em></span> <span class='ocrx_word' id='word_1_57' title='bbox 706 1876 804 1950; x_wconf 83' lang='grc' dir='ltr'><em>αὔτως</em></span> <span class='ocrx_word' id='word_1_58' title='bbox 828 1877 888 1941; x_wconf 75' lang='grc' dir='ltr'><em>δεὶν</em></span> <span class='ocrx_word' id='word_1_59' title='bbox 902 1932 908 1945; x_wconf 94' lang='grc'><strong>.</strong></span> <span class='ocrx_word' id='word_1_60' title='bbox 924 1930 953 1944; x_wconf 89' lang='grc'>..</span> <span class='ocrx_word' id='word_1_61' title='bbox 979 1876 1090 1955; x_wconf 77' lang='grc' dir='ltr'><em>ἔλεξας</em></span> <span class='ocrx_word' id='word_1_62' title='bbox 1112 1904 1161 1960; x_wconf 74' lang='grc' dir='ltr'>γρ.</span> <span class='ocrx_word' id='word_1_63' title='bbox 1185 1879 1231 1943; x_wconf 91' lang='grc' dir='ltr'><em>δύ’</em></span> <span class='ocrx_word' id='word_1_64' title='bbox 1253 1881 1333 1944; x_wconf 80' lang='grc' dir='ltr'><em>αύσὼ</em></span> 
     </span>
     <span class='ocr_line' id='line_1_9' title="bbox 200 2017 1333 2109; baseline 0.005 -27"><span class='ocrx_word' id='word_1_65' title='bbox 200 2019 227 2082; x_wconf 89' lang='grc' dir='ltr'><em>δ’</em></span> <span class='ocrx_word' id='word_1_66' title='bbox 252 2017 427 2097; x_wconf 74' lang='grc' dir='ltr'><em>ἑξέδειξας).</em></span> <span class='ocrx_word' id='word_1_67' title='bbox 460 2020 586 2087; x_wconf 84' lang='lat' dir='ltr'>Person</span> <span class='ocrx_word' id='word_1_68' title='bbox 622 2043 725 2109; x_wconf 87' lang='lat' dir='ltr'>supra</span> <span class='ocrx_word' id='word_1_69' title='bbox 762 2024 934 2108; x_wconf 82' lang='lat' dir='ltr'>receptam</span> <span class='ocrx_word' id='word_1_70' title='bbox 957 2021 1136 2087; x_wconf 83' lang='lat' dir='ltr'>lectionem</span> <span class='ocrx_word' id='word_1_71' title='bbox 1161 2023 1333 2108; x_wconf 87' lang='lat' dir='ltr'>restituit;</span> 
     </span>
    </p>
   </div>
   <div class='ocr_carea' id='block_1_3' title="bbox 182 2162 1333 2552">
    <p class='ocr_par' dir='ltr' id='par_1_3' title="bbox 182 2162 1333 2552">
     <span class='ocr_line' id='line_1_10' title="bbox 202 2162 845 2251; baseline 0.002 -23"><span class='ocrx_word' id='word_1_72' title='bbox 202 2162 273 2229; x_wconf 88' lang='lat' dir='ltr'>alia</span> <span class='ocrx_word' id='word_1_73' title='bbox 296 2163 485 2230; x_wconf 89' lang='lat' dir='ltr'>tentamina</span> <span class='ocrx_word' id='word_1_74' title='bbox 507 2163 576 2230; x_wconf 80' lang='lat' dir='ltr'>vid.</span> <span class='ocrx_word' id='word_1_75' title='bbox 601 2163 691 2251; x_wconf 89' lang='lat' dir='ltr'>apud</span> <span class='ocrx_word' id='word_1_76' title='bbox 714 2163 845 2231; x_wconf 80' lang='lat' dir='ltr'>Nauck.</span> 
     </span>
     <span class='ocr_line' id='line_1_11' title="bbox 245 2304 1332 2395; baseline 0.005 -26"><span class='ocrx_word' id='word_1_77' title='bbox 245 2304 418 2372; x_wconf 86' lang='lat' dir='ltr'>Postremo</span> <span class='ocrx_word' id='word_1_78' title='bbox 440 2305 560 2373; x_wconf 79' lang='lat' dir='ltr'>Valek.</span> <span class='ocrx_word' id='word_1_79' title='bbox 586 2306 672 2374; x_wconf 86' lang='lat' dir='ltr'>citat</span> <span class='ocrx_word' id='word_1_80' title='bbox 694 2305 860 2392; x_wconf 80' lang='lat' dir='ltr'>Aeschyl.</span> <span class='ocrx_word' id='word_1_81' title='bbox 885 2305 981 2372; x_wconf 88' lang='lat' dir='ltr'>Eum.</span> <span class='ocrx_word' id='word_1_82' title='bbox 1007 2307 1090 2390; x_wconf 78' lang='lat'><strong>665,</strong></span> <span class='ocrx_word' id='word_1_83' title='bbox 1115 2306 1214 2395; x_wconf 86' lang='lat' dir='ltr'>Soph.</span> <span class='ocrx_word' id='word_1_84' title='bbox 1237 2307 1276 2374; x_wconf 91' lang='grc' dir='ltr'>Ο.</span> <span class='ocrx_word' id='word_1_85' title='bbox 1290 2309 1332 2374; x_wconf 82' lang='lat' dir='ltr'>R.</span> 
     </span>
     <span class='ocr_line' id='line_1_12' title="bbox 182 2447 1333 2552; baseline 0.002 -40"><span class='ocrx_word' id='word_1_86' title='bbox 182 2447 286 2552; x_wconf 79' lang='grc' dir='ltr'>Ι278,</span> <span class='ocrx_word' id='word_1_87' title='bbox 317 2449 400 2513; x_wconf 85' lang='lat' dir='ltr'>Eur.</span> <span class='ocrx_word' id='word_1_88' title='bbox 435 2447 536 2515; x_wconf 86' lang='lat' dir='ltr'>Here.</span> <span class='ocrx_word' id='word_1_89' title='bbox 572 2448 638 2515; x_wconf 90' lang='lat' dir='ltr'>fur.</span> <span class='ocrx_word' id='word_1_90' title='bbox 673 2448 737 2513; x_wconf 83' lang='lat'>173</span> <span class='ocrx_word' id='word_1_91' title='bbox 768 2447 900 2536; x_wconf 89' lang='lat' dir='ltr'>(quibus</span> <span class='ocrx_word' id='word_1_92' title='bbox 925 2447 1011 2514; x_wconf 89' lang='lat' dir='ltr'>adde</span> <span class='ocrx_word' id='word_1_93' title='bbox 1035 2448 1073 2514; x_wconf 88' lang='grc' dir='ltr'>Ο.</span> <span class='ocrx_word' id='word_1_94' title='bbox 1098 2447 1135 2514; x_wconf 83' lang='lat' dir='ltr'>C.</span> <span class='ocrx_word' id='word_1_95' title='bbox 1161 2449 1271 2534; x_wconf 82' lang='lat'><strong>1532),</strong></span> <span class='ocrx_word' id='word_1_96' title='bbox 1297 2449 1333 2514; x_wconf 93' lang='lat' dir='ltr'>in</span> 
     </span>
    </p>
   </div>
   <div class='ocr_carea' id='block_1_4' title="bbox 202 2588 1335 4394">
    <p class='ocr_par' dir='ltr' id='par_1_4' title="bbox 202 2588 1202 2678">
     <span class='ocr_line' id='line_1_13' title="bbox 202 2588 1202 2678; baseline 0.001 -23"><span class='ocrx_word' id='word_1_97' title='bbox 202 2589 323 2677; x_wconf 89' lang='lat' dir='ltr'>quibus</span> <span class='ocrx_word' id='word_1_98' title='bbox 344 2590 427 2657; x_wconf 84' lang='lat' dir='ltr'>loeis</span> <span class='ocrx_word' id='word_1_99' title='bbox 450 2588 550 2666; x_wconf 77' lang='grc' dir='ltr'><em>δεῖξαι</em></span> <span class='ocrx_word' id='word_1_100' title='bbox 572 2613 708 2678; x_wconf 88' lang='lat' dir='ltr'>prorsus</span> <span class='ocrx_word' id='word_1_101' title='bbox 732 2590 822 2657; x_wconf 86' lang='lat' dir='ltr'>idem</span> <span class='ocrx_word' id='word_1_102' title='bbox 846 2591 1017 2678; x_wconf 85' lang='lat' dir='ltr'>signifieat</span> <span class='ocrx_word' id='word_1_103' title='bbox 1040 2613 1080 2657; x_wconf 83' lang='lat' dir='ltr'>aa</span> <span class='ocrx_word' id='word_1_104' title='bbox 1103 2588 1202 2667; x_wconf 79' lang='grc' dir='ltr'><em>λέξαι.</em></span> 
     </span>
    </p>

    <p class='ocr_par' dir='ltr' id='par_1_5' title="bbox 202 2732 1335 3395">
     <span class='ocr_line' id='line_1_14' title="bbox 239 2732 1334 2822; baseline 0.008 -26"><span class='ocrx_word' id='word_1_105' title='bbox 239 2732 392 2798; x_wconf 85' lang='grc' dir='ltr'><em>’δεικνύναι</em></span> <span class='ocrx_word' id='word_1_106' title='bbox 427 2738 541 2801; x_wconf 90' lang='lat' dir='ltr'>autem</span> <span class='ocrx_word' id='word_1_107' title='bbox 575 2738 610 2801; x_wconf 91' lang='lat' dir='ltr'>et</span> <span class='ocrx_word' id='word_1_108' title='bbox 643 2733 745 2812; x_wconf 70' lang='grc' dir='ltr'><em>λέγειν</em></span> <span class='ocrx_word' id='word_1_109' title='bbox 781 2735 1031 2802; x_wconf 85' lang='lat' dir='ltr'>confunduntur</span> <span class='ocrx_word' id='word_1_110' title='bbox 1063 2757 1091 2801; x_wconf 92' lang='lat' dir='ltr'>e.</span> <span class='ocrx_word' id='word_1_111' title='bbox 1115 2758 1148 2822; x_wconf 85' lang='lat' dir='ltr'>g.</span> <span class='ocrx_word' id='word_1_112' title='bbox 1181 2736 1235 2802; x_wconf 88' lang='lat' dir='ltr'>El.</span> <span class='ocrx_word' id='word_1_113' title='bbox 1268 2739 1334 2804; x_wconf 82' lang='lat'>560</span> 
     </span>
     <span class='ocr_line' id='line_1_15' title="bbox 202 2873 1335 2966; baseline 0.006 -27"><span class='ocrx_word' id='word_1_114' title='bbox 202 2873 302 2952; x_wconf 80' lang='grc' dir='ltr'><em>λέξω</em></span> <span class='ocrx_word' id='word_1_115' title='bbox 327 2877 359 2940; x_wconf 83' lang='grc' dir='ltr'><em>δέ</em></span> <span class='ocrx_word' id='word_1_116' title='bbox 383 2901 427 2941; x_wconf 89' lang='grc' dir='ltr'>σοι</span> <span class='ocrx_word' id='word_1_117' title='bbox 452 2876 463 2964; x_wconf 66' lang='lat' dir='ltr'><em>j</em></span> <span class='ocrx_word' id='word_1_118' title='bbox 487 2878 524 2950; x_wconf 79' lang='grc' dir='ltr'>ὡς</span> <span class='ocrx_word' id='word_1_119' title='bbox 547 2878 578 2942; x_wconf 93' lang='grc' dir='ltr'>ού</span> <span class='ocrx_word' id='word_1_120' title='bbox 601 2877 666 2959; x_wconf 69' lang='grc' dir='ltr'><em>δι’κιι</em></span> <span class='ocrx_word' id='word_1_121' title='bbox 690 2876 870 2954; x_wconf 75' lang='grc' dir='ltr'><em>γ’ἔκσεινας,</em></span> <span class='ocrx_word' id='word_1_122' title='bbox 895 2877 953 2943; x_wconf 92' lang='lat' dir='ltr'>ubi</span> <span class='ocrx_word' id='word_1_123' title='bbox 976 2878 1155 2961; x_wconf 86' lang='lat' dir='ltr'>Morstadt‚</span> <span class='ocrx_word' id='word_1_124' title='bbox 1168 2881 1335 2966; x_wconf 88' lang='lat' dir='ltr'>probante</span> 
     </span>
     <span class='ocr_line' id='line_1_16' title="bbox 202 3018 1333 3110; baseline 0.003 -25"><span class='ocrx_word' id='word_1_125' title='bbox 202 3018 375 3102; x_wconf 85' lang='lat' dir='ltr'>Nauekio,</span> <span class='ocrx_word' id='word_1_126' title='bbox 409 3020 498 3106; x_wconf 85' lang='lat' dir='ltr'>legit</span> <span class='ocrx_word' id='word_1_127' title='bbox 532 3019 665 3105; x_wconf 80' lang='grc' dir='ltr'><em>δείξω,</em></span> <span class='ocrx_word' id='word_1_128' title='bbox 702 3021 790 3110; x_wconf 90' lang='lat' dir='ltr'>qnod</span> <span class='ocrx_word' id='word_1_129' title='bbox 824 3021 1022 3087; x_wconf 86' lang='lat' dir='ltr'>confirmare</span> <span class='ocrx_word' id='word_1_130' title='bbox 1054 3020 1192 3088; x_wconf 87' lang='lat' dir='ltr'>videtur</span> <span class='ocrx_word' id='word_1_131' title='bbox 1224 3021 1333 3088; x_wconf 84' lang='lat' dir='ltr'>Schol.</span> 
     </span>
     <span class='ocr_line' id='line_1_17' title="bbox 203 3158 1333 3253; baseline 0.004 -28"><span class='ocrx_word' id='word_1_132' title='bbox 203 3158 280 3235; x_wconf 75' lang='grc' dir='ltr'><em>αὕτη</em></span> <span class='ocrx_word' id='word_1_133' title='bbox 314 3162 374 3244; x_wconf 68' lang='grc' dir='ltr'>γὰρ</span> <span class='ocrx_word' id='word_1_134' title='bbox 410 3161 624 3239; x_wconf 78' lang='grc' dir='ltr'><em>οὶσύδειξις</em></span> <span class='ocrx_word' id='word_1_135' title='bbox 657 3165 735 3239; x_wconf 60' lang='lat' dir='ltr'>uris</span> <span class='ocrx_word' id='word_1_136' title='bbox 768 3164 895 3230; x_wconf 89' lang='lat' dir='ltr'>iniuria</span> <span class='ocrx_word' id='word_1_137' title='bbox 929 3163 1072 3247; x_wconf 88' lang='lat' dir='ltr'>Kaibel,</span> <span class='ocrx_word' id='word_1_138' title='bbox 1115 3164 1174 3250; x_wconf 90' lang='lat' dir='ltr'>qui</span> <span class='ocrx_word' id='word_1_139' title='bbox 1208 3163 1333 3253; x_wconf 89' lang='lat' dir='ltr'>ubique</span> 
     </span>
     <span class='ocr_line' id='line_1_18' title="bbox 202 3303 1068 3395; baseline -0.003 -21"><span class='ocrx_word' id='word_1_140' title='bbox 202 3305 381 3392; x_wconf 85' lang='lat' dir='ltr'>vulgatam</span> <span class='ocrx_word' id='word_1_141' title='bbox 405 3306 586 3374; x_wconf 86' lang='lat' dir='ltr'>defendere</span> <span class='ocrx_word' id='word_1_142' title='bbox 609 3312 767 3391; x_wconf 81' lang='lat' dir='ltr'>conatur,</span> <span class='ocrx_word' id='word_1_143' title='bbox 791 3307 959 3395; x_wconf 89' lang='lat' dir='ltr'>praetulit</span> <span class='ocrx_word' id='word_1_144' title='bbox 981 3303 1068 3382; x_wconf 78' lang='grc' dir='ltr'><em>λέξω.</em></span> 
     </span>
    </p>

    <p class='ocr_par' dir='ltr' id='par_1_6' title="bbox 202 3447 1332 3800">
     <span class='ocr_line' id='line_1_19' title="bbox 248 3447 1332 3536; baseline 0 -23"><span class='ocrx_word' id='word_1_145' title='bbox 248 3448 376 3515; x_wconf 86' lang='lat' dir='ltr'>Eadem</span> <span class='ocrx_word' id='word_1_146' title='bbox 409 3451 516 3518; x_wconf 87' lang='lat' dir='ltr'>verba</span> <span class='ocrx_word' id='word_1_147' title='bbox 549 3450 737 3536; x_wconf 86' lang='lat' dir='ltr'>iunguntur</span> <span class='ocrx_word' id='word_1_148' title='bbox 768 3449 877 3516; x_wconf 82' lang='lat' dir='ltr'>Sahal.</span> <span class='ocrx_word' id='word_1_149' title='bbox 908 3449 963 3514; x_wconf 88' lang='lat' dir='ltr'>El.</span> <span class='ocrx_word' id='word_1_150' title='bbox 986 3449 1017 3532; x_wconf 86' lang='lat'>4,</span> <span class='ocrx_word' id='word_1_151' title='bbox 1050 3447 1109 3513; x_wconf 91' lang='lat' dir='ltr'>ubi</span> <span class='ocrx_word' id='word_1_152' title='bbox 1132 3448 1276 3534; x_wconf 85' lang='lat' dir='ltr'>legimus</span> <span class='ocrx_word' id='word_1_153' title='bbox 1298 3449 1332 3514; x_wconf 80' lang='grc' dir='ltr'>τὸ</span> 
     </span>
     <span class='ocr_line' id='line_1_20' title="bbox 204 3589 1332 3674; baseline -0.001 -20"><span class='ocrx_word' id='word_1_154' title='bbox 204 3591 272 3673; x_wconf 71' lang='grc' dir='ltr'><em>περὶ</em></span> <span class='ocrx_word' id='word_1_155' title='bbox 294 3595 345 3656; x_wconf 81' lang='grc' dir='ltr'>τοῦ</span> <span class='ocrx_word' id='word_1_156' title='bbox 369 3593 459 3673; x_wconf 78' lang='grc' dir='ltr'><em>πυρὸς</em></span> <span class='ocrx_word' id='word_1_157' title='bbox 481 3592 578 3674; x_wconf 76' lang='grc' dir='ltr'><em>μέχρι</em></span> <span class='ocrx_word' id='word_1_158' title='bbox 601 3597 652 3657; x_wconf 82' lang='grc' dir='ltr'>τοῦ</span> <span class='ocrx_word' id='word_1_159' title='bbox 674 3596 721 3657; x_wconf 83' lang='grc' dir='ltr'>νῦν</span> <span class='ocrx_word' id='word_1_160' title='bbox 745 3591 1002 3669; x_wconf 69' lang='grc' dir='ltr'><em>δεικνύμενον</em></span> <span class='ocrx_word' id='word_1_161' title='bbox 1031 3589 1084 3655; x_wconf 76' lang='grc' dir='ltr'>καὶ</span> <span class='ocrx_word' id='word_1_162' title='bbox 1111 3589 1332 3669; x_wconf 71' lang='grc' dir='ltr'><em>λεγόμενον</em></span> 
     </span>
     <span class='ocr_line' id='line_1_21' title="bbox 202 3735 266 3800; baseline 0.047 -3"><span class='ocrx_word' id='word_1_163' title='bbox 202 3735 266 3800; x_wconf 69' lang='lat' dir='ltr'>xri.</span> 
     </span>
    </p>

    <p class='ocr_par' dir='ltr' id='par_1_7' title="bbox 202 3877 1331 4394">
     <span class='ocr_line' id='line_1_22' title="bbox 247 3877 1331 3965; baseline -0.004 -21"><span class='ocrx_word' id='word_1_164' title='bbox 247 3877 408 3946; x_wconf 79' lang='lat' dir='ltr'>Fortasse</span> <span class='ocrx_word' id='word_1_165' title='bbox 433 3879 537 3946; x_wconf 88' lang='lat' dir='ltr'>etiam</span> <span class='ocrx_word' id='word_1_166' title='bbox 558 3879 612 3944; x_wconf 89' lang='lat' dir='ltr'>El.</span> <span class='ocrx_word' id='word_1_167' title='bbox 638 3879 865 3961; x_wconf 75' lang='lat' dir='ltr'>12981e0t10,</span> <span class='ocrx_word' id='word_1_168' title='bbox 890 3878 994 3964; x_wconf 83' lang='lat' dir='ltr'>vulgo</span> <span class='ocrx_word' id='word_1_169' title='bbox 1017 3881 1171 3965; x_wconf 85' lang='lat' dir='ltr'>recepta,</span> <span class='ocrx_word' id='word_1_170' title='bbox 1196 3877 1269 3939; x_wconf 71' lang='grc' dir='ltr'><em>ἀλλ’</em></span> <span class='ocrx_word' id='word_1_171' title='bbox 1293 3877 1331 3949; x_wconf 79' lang='grc' dir='ltr'>ὡς</span> 
     </span>
     <span class='ocr_line' id='line_1_23' title="bbox 204 4018 1329 4109; baseline 0 -27"><span class='ocrx_word' id='word_1_172' title='bbox 204 4020 254 4082; x_wconf 81' lang='grc' dir='ltr'>ἐπ’</span> <span class='ocrx_word' id='word_1_173' title='bbox 275 4018 333 4101; x_wconf 64' lang='lat' dir='ltr'>aira</span> <span class='ocrx_word' id='word_1_174' title='bbox 351 4021 395 4099; x_wconf 74' lang='grc' dir='ltr'>μὴ</span> <span class='ocrx_word' id='word_1_175' title='bbox 416 4024 488 4109; x_wconf 85' lang='lat' dir='ltr'>(pro</span> <span class='ocrx_word' id='word_1_176' title='bbox 505 4030 544 4103; x_wconf 73' lang='grc' dir='ltr'>τῇ</span> <span class='ocrx_word' id='word_1_177' title='bbox 564 4021 704 4089; x_wconf 84' lang='lat' dir='ltr'>coniecit</span> <span class='ocrx_word' id='word_1_178' title='bbox 721 4020 859 4101; x_wconf 81' lang='lat' dir='ltr'>Reiske)</span> <span class='ocrx_word' id='word_1_179' title='bbox 873 4019 975 4097; x_wconf 70' lang='grc' dir='ltr'><em>μύσαν</em></span> <span class='ocrx_word' id='word_1_180' title='bbox 986 4018 1156 4100; x_wconf 69' lang='grc' dir='ltr'><em>λελεγμένῃ</em></span> <span class='ocrx_word' id='word_1_181' title='bbox 1171 4018 1183 4106; x_wconf 78' lang='lat' dir='ltr'><em>l</em></span> <span class='ocrx_word' id='word_1_182' title='bbox 1196 4018 1329 4098; x_wconf 78' lang='grc' dir='ltr'><em>στέναζ’·</em></span> 
     </span>
     <span class='ocr_line' id='line_1_24' title="bbox 203 4161 1328 4252; baseline -0.001 -24"><span class='ocrx_word' id='word_1_183' title='bbox 203 4163 404 4249; x_wconf 80' lang='lat' dir='ltr'>corrigenda</span> <span class='ocrx_word' id='word_1_184' title='bbox 427 4167 496 4248; x_wconf 83' lang='lat' dir='ltr'>est,</span> <span class='ocrx_word' id='word_1_185' title='bbox 521 4163 551 4230; x_wconf 90' lang='lat' dir='ltr'>si</span> <span class='ocrx_word' id='word_1_186' title='bbox 574 4167 724 4246; x_wconf 85' lang='lat' dir='ltr'>constat,</span> <span class='ocrx_word' id='word_1_187' title='bbox 749 4163 790 4229; x_wconf 93' lang='lat' dir='ltr'>de</span> <span class='ocrx_word' id='word_1_188' title='bbox 814 4186 883 4252; x_wconf 90' lang='lat' dir='ltr'>qua</span> <span class='ocrx_word' id='word_1_189' title='bbox 905 4186 943 4229; x_wconf 90' lang='lat' dir='ltr'>re</span> <span class='ocrx_word' id='word_1_190' title='bbox 967 4161 1119 4228; x_wconf 85' lang='lat' dir='ltr'>dubitari</span> <span class='ocrx_word' id='word_1_191' title='bbox 1130 4184 1195 4227; x_wconf 92' lang='lat' dir='ltr'>non</span> <span class='ocrx_word' id='word_1_192' title='bbox 1206 4165 1328 4249; x_wconf 87' lang='lat' dir='ltr'>potest,</span> 
     </span>
     <span class='ocr_line' id='line_1_25' title="bbox 202 4303 1328 4394; baseline 0.003 -27"><span class='ocrx_word' id='word_1_193' title='bbox 202 4304 348 4369; x_wconf 89' lang='grc' dir='ltr'><em>δεικνύναι</em></span> <span class='ocrx_word' id='word_1_194' title='bbox 366 4306 513 4393; x_wconf 88' lang='lat' dir='ltr'>positum</span> <span class='ocrx_word' id='word_1_195' title='bbox 532 4305 779 4394; x_wconf 82' lang='lat' dir='ltr'>significatione</span> <span class='ocrx_word' id='word_1_196' title='bbox 802 4304 1004 4389; x_wconf 84' lang='lat' dir='ltr'>„enarrare”</span> <span class='ocrx_word' id='word_1_197' title='bbox 1025 4304 1158 4392; x_wconf 89' lang='lat' dir='ltr'>saepius</span> <span class='ocrx_word' id='word_1_198' title='bbox 1171 4303 1328 4372; x_wconf 91' lang='lat' dir='ltr'>inveniri.</span> 
     </span>
    </p>
   </div>
   <div class='ocr_carea' id='block_1_5' title="bbox 201 4444 1328 4536">
    <p class='ocr_par' dir='ltr' id='par_1_8' title="bbox 201 4444 1328 4536">
     <span class='ocr_line' id='line_1_26' title="bbox 201 4444 1328 4536; baseline -0.004 -23"><span class='ocrx_word' id='word_1_199' title='bbox 201 4449 453 4516; x_wconf 88' lang='lat' dir='ltr'>Laurentianus</span> <span class='ocrx_word' id='word_1_200' title='bbox 489 4449 577 4516; x_wconf 89' lang='lat' dir='ltr'>enim</span> <span class='ocrx_word' id='word_1_201' title='bbox 610 4451 753 4536; x_wconf 86' lang='lat' dir='ltr'>praebet</span> <span class='ocrx_word' id='word_1_202' title='bbox 787 4448 984 4515; x_wconf 84' lang='lat' dir='ltr'>lectionem:</span> <span class='ocrx_word' id='word_1_203' title='bbox 1016 4448 1089 4510; x_wconf 72' lang='grc' dir='ltr'><em>ἀλλ’</em></span> <span class='ocrx_word' id='word_1_204' title='bbox 1120 4447 1158 4518; x_wconf 78' lang='grc' dir='ltr'>ὡς</span> <span class='ocrx_word' id='word_1_205' title='bbox 1189 4447 1238 4509; x_wconf 76' lang='grc' dir='ltr'>ἐπ’</span> <span class='ocrx_word' id='word_1_206' title='bbox 1270 4444 1328 4526; x_wconf 61' lang='lat' dir='ltr'>aira</span> 
     </span>
    </p>
   </div>
   <div class='ocr_carea' id='block_1_6' title="bbox 201 4544 1330 4676">
    <p class='ocr_par' dir='ltr' id='par_1_9' title="bbox 201 4544 1330 4676">
     <span class='ocr_line' id='line_1_27' title="bbox 201 4544 1330 4676; baseline -0.002 -21"><span class='ocrx_word' id='word_1_207' title='bbox 201 4592 245 4668; x_wconf 69' lang='grc' dir='ltr'>μὴ</span> <span class='ocrx_word' id='word_1_208' title='bbox 267 4595 327 4676; x_wconf 74' lang='grc' dir='ltr'>(τῇ)</span> <span class='ocrx_word' id='word_1_209' title='bbox 351 4591 452 4669; x_wconf 76' lang='grc' dir='ltr'><em>μούνην</em></span> <span class='ocrx_word' id='word_1_210' title='bbox 475 4544 690 4673; x_wconf 62' lang='grc' dir='ltr'><em>δδδύιομένῃ,</em></span> <span class='ocrx_word' id='word_1_211' title='bbox 714 4592 772 4659; x_wconf 91' lang='lat' dir='ltr'>ubi</span> <span class='ocrx_word' id='word_1_212' title='bbox 795 4592 935 4659; x_wconf 84' lang='lat' dir='ltr'>litterae</span> <span class='ocrx_word' id='word_1_213' title='bbox 959 4605 1011 4654; x_wconf 93' lang='grc' dir='ltr'>λλ</span> <span class='ocrx_word' id='word_1_214' title='bbox 1035 4592 1076 4656; x_wconf 86' lang='lat' dir='ltr'>ab</span> <span class='ocrx_word' id='word_1_215' title='bbox 1097 4590 1209 4657; x_wconf 81' lang='lat' dir='ltr'>altera</span> <span class='ocrx_word' id='word_1_216' title='bbox 1227 4611 1330 4655; x_wconf 86' lang='lat' dir='ltr'>manu</span> 
     </span>
    </p>
   </div>
   <div class='ocr_carea' id='block_1_7' title="bbox 0 0 1738 5536">
    <p class='ocr_par' dir='ltr' id='par_1_10' title="bbox 0 0 1738 5536">
     <span class='ocr_line' id='line_1_28' title="bbox 0 0 1738 5536; baseline 0 0"><span class='ocrx_word' id='word_1_217' title='bbox 0 0 1738 5536; x_wconf 95' lang='lat' dir='ltr'> </span> 
     </span>
    </p>
   </div>
  </div>
 </body>
</html>
