3490 5540
472 1019 541 1088 Ad
577 1045 637 1088 va.
672 1021 760 1087 452:

627 1161 764 1241 λέγωδὲ
789 1184 842 1226 σοι’
866 1160 914 1226 τὸν
937 1159 1031 1242 ἄνδρα
1054 1165 1163 1247 τοῦτον,
1188 1159 1216 1226 ὃν
1242 1161 1343 1228 πάλαι

538 1307 605 1372 450
627 1303 728 1384 ζητεῖς
751 1305 884 1368 ἀπειλῶν
906 1303 1132 1385 κάνκκηρύσσων
1156 1303 1243 1386 Φάναν

627 1447 677 1512 τὸν
700 1447 838 1529 Astera,
863 1441 946 1519 οὗτός
970 1447 1050 1510 ἐστιν
1073 1443 1201 1530 ἐνθάδε,

627 1588 708 1666 ξένος
740 1588 841 1670 λόγῳ
872 1589 1026 1672 μέτοικος,
1051 1584 1120 1654 εἴη
1143 1590 1170 1654 δ’
1196 1591 1321 1669 ἐγγενὴς

629 1735 801 1814 §taeduerat
823 1732 967 1810 Θηβκῖος,
992 1733 1050 1796 οὐδ’
1075 1731 1243 1808 ἡσθήσεται

627 1885 664 1958 τῇ
688 1874 842 1960 susens-

474 2021 596 2087 Omnes
630 2021 702 2086 fere
737 2019 900 2104 editores,
937 2020 994 2108 qui
1025 2019 1066 2087 de
1097 2020 1252 2087 hocloco
1276 2019 1550 2108 disputaverunt,

428 2165 575 2252 iungunt
605 2161 686 2238 ξένος
716 2163 870 2245 μέτοικος,
901 2185 988 2251 quae
1012 2163 1219 2248 coniuncti0‚
1243 2185 1296 2228 me
1318 2162 1447 2247 iudice,
1471 2163 1551 2229 into-

428 2307 607 2374 larabilem
629 2307 771 2394 praebat
795 2304 1028 2390 tautologiam.

473 2453 611 2530 μέτοικος
647 2451 751 2518 ctiam
784 2448 914 2535 legitur
946 2448 981 2514 Ο.
1008 2448 1044 2514 C.
1078 2449 1153 2532 934,
1186 2447 1268 2515 Ant.
1294 2451 1376 2531 852,
1400 2451 1476 2533 867,
1499 2448 1554 2514 ubi

429 2595 582 2677 μέτοικος,
607 2596 646 2659 ut
667 2592 743 2657 iure
763 2590 910 2678 explicat
929 2589 1065 2676 Reisig,
1087 2590 1274 2677 significat:
1292 2591 1461 2679 „quisquis
1480 2591 1554 2658 sede
1652 2600 1655 2609 “

429 2741 562 2805 mutata
586 2735 653 2803 alio
676 2734 870 2802 habitatum
893 2733 1088 2801 concessit.”

471 2882 597 2948 Parum
631 2877 830 2967 probalilem
863 2876 963 2946 huius
998 2876 1063 2942 loci
1096 2875 1352 2964 explicationem
1376 2875 1443 2944 vid.
1469 2877 1555 2965 apud

429 3024 505 3089 Bos,
540 3045 595 3108 pg.
628 3022 686 3103 80,
719 3019 777 3108 qui
807 3019 1021 3106 interpungit
1053 3015 1133 3094 ξένος
1157 3017 1253 3099 λόγῳ,
1278 3018 1426 3095 μέτοικος·
1450 3042 1554 3108 neque

428 3166 542 3254 placet
575 3162 744 3230 Dindorfii
780 3160 959 3250 explicatio
994 3159 1092 3237 ξένος,
1124 3159 1204 3242 λόγῳ
1235 3161 1374 3238 μέτοικος
1405 3161 1458 3237 ὤν;
1483 3166 1554 3230 erat

430 3306 518 3374 enim
541 3305 689 3392 Oedipus
713 3303 858 3391 specie
883 3300 987 3390 (λόγῳ)
1011 3301 1101 3384 ξένος,
1126 3327 1172 3370 re
1196 3327 1301 3373 vera
1324 3302 1424 3390 (ἔργῳ)
1446 3311 1554 3373 autem

430 3447 586 3526 μέτοικος,
611 3446 733 3534 quippe
756 3446 814 3535 qui
841 3446 1002 3513 Corintho
1029 3446 1164 3513 Thebas
1187 3447 1378 3534 migrasset.
1408 3449 1436 3533 ¹)

475 3589 641 3678 Equidem
661 3589 705 3656 ad
723 3589 831 3656 locum
852 3588 1086 3676 corrigendum
1107 3589 1210 3656 aliam
1229 3590 1320 3658 viam
1340 3615 1413 3658 sum
1431 3592 1554 3679 ingres-

431 3759 504 3801 sus:
535 3735 634 3799 notus
658 3735 710 3798 est
733 3732 940 3818 tragicorum
963 3755 1032 3799 mos
1055 3731 1143 3798 alius
1168 3734 1272 3800 verba
1295 3755 1369 3799 cum
1394 3755 1554 3800 sarcasmo

432 3879 603 3965 repetere;
631 3874 823 3962 saepissime
848 3879 961 3941 autem
985 3874 1190 3941 altercantes
1210 3875 1396 3942 identidem
1417 3877 1554 3944 alterius

432 4020 592 4107 repetunt
622 4019 743 4100 verba,
776 4019 818 4084 of.
843 4018 881 4084 Ο.
906 4019 947 4084 a.
973 4018 1037 4083 548
1062 4040 1131 4104 sqq.
1155 4021 1191 4084 et
1212 4018 1387 4083 Hermann
1411 4019 1455 4084 ad
1477 4019 1556 4084 Eur.

433 4190 656 4202 -—-—-—

475 4265 503 4344 1)
524 4267 618 4326 Obiter
649 4267 811 4324 vocabulum
842 4271 912 4332 λόγῳ
943 4268 1040 4339 poetae
1070 4265 1150 4326 redde
1180 4266 1226 4326 Αἰ.
1259 4265 1335 4324 1383
1367 4271 1449 4336 τούτῳ
1467 4274 1516 4338 γὰρ
1532 4273 1560 4322 us

433 4376 561 4440 ’ἔχθιστος
584 4377 707 4440 Ἀργείων
730 4375 788 4440 ἀνὴρ
805 4379 816 4442 s
833 4379 905 4438 μόνος
929 4375 1055 4440 παρέστης
1080 4380 1182 4441 χερσίν,
1208 4374 1271 4448 ubl,
1298 4377 1329 4432 ut
1349 4377 1421 4433 recte
1441 4375 1561 4433 animad-

432 4480 514 4539 vertit
544 4479 657 4553 Nauck,
687 4482 798 4553 propter
828 4497 945 4553 sequens
964 4485 1054 4547 χερσίν
1073 4483 1250 4556 exspectatur
1270 4482 1350 4549 λόγῳ,
1371 4481 1406 4540 cf.
1426 4498 1450 4540 e.
1472 4499 1499 4557 g.
1519 4481 1560 4540 al.

434 4586 568 4657 59-60,
588 4585 654 4646 Eur.
675 4585 708 4645 fr.
732 4584 804 4659 362,
829 4587 876 4645 13.
